%YAML 1.1
%TAG !u! tag:unity3d.com,2011:
--- !u!1 &141580
GameObject:
  m_ObjectHideFlags: 0
  m_PrefabParentObject: {fileID: 0}
  m_PrefabInternal: {fileID: 100100000}
  serializedVersion: 4
  m_Component:
  - 4: {fileID: 461026}
  - 212: {fileID: 21213266}
  m_Layer: 0
  m_Name: EnemyBodyOnTouch
  m_TagString: Untagged
  m_Icon: {fileID: 0}
  m_NavMeshLayer: 0
  m_StaticEditorFlags: 0
  m_IsActive: 1
--- !u!1 &146692
GameObject:
  m_ObjectHideFlags: 0
  m_PrefabParentObject: {fileID: 0}
  m_PrefabInternal: {fileID: 100100000}
  serializedVersion: 4
  m_Component:
  - 4: {fileID: 400376}
  - 212: {fileID: 21215290}
  - 60: {fileID: 6069096}
  m_Layer: 0
  m_Name: EnemyBody
  m_TagString: Untagged
  m_Icon: {fileID: 0}
  m_NavMeshLayer: 0
  m_StaticEditorFlags: 0
  m_IsActive: 1
--- !u!1 &159060
GameObject:
  m_ObjectHideFlags: 0
  m_PrefabParentObject: {fileID: 0}
  m_PrefabInternal: {fileID: 100100000}
  serializedVersion: 4
  m_Component:
  - 4: {fileID: 452010}
  - 95: {fileID: 9500170}
  - 82: {fileID: 8205752}
  - 114: {fileID: 11465854}
  m_Layer: 0
  m_Name: Boss_002
  m_TagString: Untagged
  m_Icon: {fileID: 0}
  m_NavMeshLayer: 0
  m_StaticEditorFlags: 0
  m_IsActive: 1
--- !u!1 &162946
GameObject:
  m_ObjectHideFlags: 0
  m_PrefabParentObject: {fileID: 0}
  m_PrefabInternal: {fileID: 100100000}
  serializedVersion: 4
  m_Component:
  - 4: {fileID: 443434}
  - 212: {fileID: 21239386}
  m_Layer: 0
  m_Name: EnemyEyeOnHit
  m_TagString: Untagged
  m_Icon: {fileID: 0}
  m_NavMeshLayer: 0
  m_StaticEditorFlags: 0
  m_IsActive: 1
--- !u!4 &400376
Transform:
  m_ObjectHideFlags: 1
  m_PrefabParentObject: {fileID: 0}
  m_PrefabInternal: {fileID: 100100000}
  m_GameObject: {fileID: 146692}
  m_LocalRotation: {x: 0, y: 0, z: 0, w: 1}
  m_LocalPosition: {x: 0, y: 0, z: 0}
  m_LocalScale: {x: 1, y: 1, z: 1}
  m_LocalEulerAnglesHint: {x: 0, y: 0, z: 0}
  m_Children: []
  m_Father: {fileID: 452010}
  m_RootOrder: 1
--- !u!4 &443434
Transform:
  m_ObjectHideFlags: 1
  m_PrefabParentObject: {fileID: 0}
  m_PrefabInternal: {fileID: 100100000}
  m_GameObject: {fileID: 162946}
  m_LocalRotation: {x: 0, y: 0, z: 0, w: 1}
  m_LocalPosition: {x: -0.335, y: 2.74, z: 0}
  m_LocalScale: {x: 1, y: 1, z: 1}
  m_LocalEulerAnglesHint: {x: 0, y: 0, z: 0}
  m_Children: []
  m_Father: {fileID: 452010}
  m_RootOrder: 2
--- !u!4 &452010
Transform:
  m_ObjectHideFlags: 1
  m_PrefabParentObject: {fileID: 0}
  m_PrefabInternal: {fileID: 100100000}
  m_GameObject: {fileID: 159060}
  m_LocalRotation: {x: 0, y: 0, z: 0, w: 1}
  m_LocalPosition: {x: 0, y: 0, z: 0}
  m_LocalScale: {x: 1, y: 1, z: 1}
  m_LocalEulerAnglesHint: {x: 0, y: 0, z: 0}
  m_Children:
  - {fileID: 461026}
  - {fileID: 400376}
  - {fileID: 443434}
  m_Father: {fileID: 0}
  m_RootOrder: 0
--- !u!4 &461026
Transform:
  m_ObjectHideFlags: 1
  m_PrefabParentObject: {fileID: 0}
  m_PrefabInternal: {fileID: 100100000}
  m_GameObject: {fileID: 141580}
  m_LocalRotation: {x: 0, y: 0, z: 0, w: 1}
  m_LocalPosition: {x: 0.9, y: -0, z: 1}
  m_LocalScale: {x: 1.0428559, y: 1.0394756, z: 1}
  m_LocalEulerAnglesHint: {x: 0, y: 0, z: 0}
  m_Children: []
  m_Father: {fileID: 452010}
  m_RootOrder: 0
--- !u!60 &6069096
PolygonCollider2D:
  m_ObjectHideFlags: 1
  m_PrefabParentObject: {fileID: 0}
  m_PrefabInternal: {fileID: 100100000}
  m_GameObject: {fileID: 146692}
  m_Enabled: 0
  m_Density: 1
  m_Material: {fileID: 0}
  m_IsTrigger: 0
  m_UsedByEffector: 0
  m_Offset: {x: 0, y: 0}
  m_Points:
    m_Paths:
    - - {x: -1.9370127, y: 2.2135706}
      - {x: -1.2799474, y: 2.4570518}
      - {x: -1.0219347, y: 3.6246781}
      - {x: -1.0863372, y: 4.477143}
      - {x: -0.35295928, y: 4.1232977}
      - {x: 0.53300613, y: 4.0299087}
      - {x: 0.89896464, y: 4.136754}
      - {x: 0.8661521, y: 3.7208943}
      - {x: 1.5588745, y: 3.0045304}
      - {x: 2.0266938, y: 2.578806}
      - {x: 2.8433845, y: 2.4700773}
      - {x: 2.8374772, y: -1.2838814}
      - {x: 1.9557394, y: -1.8417742}
      - {x: 1.9995997, y: -2.0870156}
      - {x: 2.8646016, y: -2.9527762}
      - {x: 2.834336, y: -4.4139566}
      - {x: 2.2928646, y: -4.416957}
      - {x: 1.3072153, y: -4.086585}
      - {x: 0.44518864, y: -4.039832}
      - {x: -0.30680504, y: -4.3530865}
      - {x: -1.4945805, y: -4.30828}
      - {x: -2.0808315, y: -3.551155}
      - {x: -1.6746191, y: -2.3876405}
      - {x: -1.5956702, y: -1.8839488}
      - {x: -2.088211, y: -1.727188}
      - {x: -2.859412, y: -1.563503}
      - {x: -2.8310368, y: -0.4295244}
      - {x: -1.970002, y: 0.5105663}
--- !u!82 &8205752
AudioSource:
  m_ObjectHideFlags: 1
  m_PrefabParentObject: {fileID: 0}
  m_PrefabInternal: {fileID: 100100000}
  m_GameObject: {fileID: 159060}
  m_Enabled: 1
  serializedVersion: 4
  OutputAudioMixerGroup: {fileID: 0}
  m_audioClip: {fileID: 8300000, guid: 650b8112c0c5d4ac7920e4a5af2ab049, type: 3}
  m_PlayOnAwake: 0
  m_Volume: 1
  m_Pitch: 1
  Loop: 0
  Mute: 0
  Spatialize: 0
  Priority: 128
  DopplerLevel: 1
  MinDistance: 1
  MaxDistance: 500
  Pan2D: 0
  rolloffMode: 0
  BypassEffects: 0
  BypassListenerEffects: 0
  BypassReverbZones: 0
  rolloffCustomCurve:
    serializedVersion: 2
    m_Curve:
    - time: 0
      value: 1
      inSlope: 0
      outSlope: 0
      tangentMode: 0
    - time: 1
      value: 0
      inSlope: 0
      outSlope: 0
      tangentMode: 0
    m_PreInfinity: 2
    m_PostInfinity: 2
    m_RotationOrder: 4
  panLevelCustomCurve:
    serializedVersion: 2
    m_Curve:
    - time: 0
      value: 0
      inSlope: 0
      outSlope: 0
      tangentMode: 0
    m_PreInfinity: 2
    m_PostInfinity: 2
    m_RotationOrder: 0
  spreadCustomCurve:
    serializedVersion: 2
    m_Curve:
    - time: 0
      value: 0
      inSlope: 0
      outSlope: 0
      tangentMode: 0
    m_PreInfinity: 2
    m_PostInfinity: 2
    m_RotationOrder: 0
  reverbZoneMixCustomCurve:
    serializedVersion: 2
    m_Curve:
    - time: 0
      value: 1
      inSlope: 0
      outSlope: 0
      tangentMode: 0
    m_PreInfinity: 2
    m_PostInfinity: 2
    m_RotationOrder: 0
--- !u!95 &9500170
Animator:
  serializedVersion: 3
  m_ObjectHideFlags: 1
  m_PrefabParentObject: {fileID: 0}
  m_PrefabInternal: {fileID: 100100000}
  m_GameObject: {fileID: 159060}
  m_Enabled: 1
  m_Avatar: {fileID: 0}
  m_Controller: {fileID: 9100000, guid: d965d9a100d228c4a941d56b9866c6dd, type: 2}
  m_CullingMode: 0
  m_UpdateMode: 0
  m_ApplyRootMotion: 0
  m_LinearVelocityBlending: 0
  m_WarningMessage: 
  m_HasTransformHierarchy: 1
  m_AllowConstantClipSamplingOptimization: 1
--- !u!114 &11465854
MonoBehaviour:
  m_ObjectHideFlags: 1
  m_PrefabParentObject: {fileID: 0}
  m_PrefabInternal: {fileID: 100100000}
  m_GameObject: {fileID: 159060}
  m_Enabled: 1
  m_EditorHideFlags: 0
  m_Script: {fileID: 11500000, guid: 60e2c848cbeb14981be8be93803bd9ca, type: 3}
  m_Name: 
  m_EditorClassIdentifier: 
  spriteRenderer: {fileID: 21215290}
  monsterGirl: {fileID: 159060}
  monsterAnim: {fileID: 9500170}
  breakEffect: {fileID: 185854, guid: 50af462ccb4c74a50b0f28be441aaa7e, type: 2}
  deadEffect: {fileID: 0}
  breakLevel: 0
  originalSprite: {fileID: 21300000, guid: e95cd1dcca1243e41b3bd1ccb0f02729, type: 3}
  breakCharPosX:
  - -0.03
  - 0
  - 0.2
  - 0.1
  breakCharPosY:
  - 2.5
  - 0.75
  - -0.91
  - 0.75
  BossOnHitSound: 23000000
--- !u!212 &21213266
SpriteRenderer:
  m_ObjectHideFlags: 1
  m_PrefabParentObject: {fileID: 0}
  m_PrefabInternal: {fileID: 100100000}
  m_GameObject: {fileID: 141580}
  m_Enabled: 1
  m_CastShadows: 0
  m_ReceiveShadows: 0
  m_Materials:
  - {fileID: 2100000, guid: 5c618b3bf6bc344eda5f9c8d14f2abf8, type: 2}
  m_SubsetIndices: 
  m_StaticBatchRoot: {fileID: 0}
  m_UseLightProbes: 0
  m_ReflectionProbeUsage: 0
  m_ProbeAnchor: {fileID: 0}
  m_ScaleInLightmap: 1
  m_PreserveUVs: 0
  m_IgnoreNormalsForChartDetection: 0
  m_ImportantGI: 0
  m_MinimumChartSize: 4
  m_AutoUVMaxDistance: 0.5
  m_AutoUVMaxAngle: 89
  m_LightmapParameters: {fileID: 0}
  m_SortingLayerID: -537633153
  m_SortingOrder: 0
  m_Sprite: {fileID: 21300000, guid: 1d63ec2ffc95de84aacd0c1956da6da4, type: 3}
  m_Color: {r: 1, g: 1, b: 1, a: 0}
  m_FlipX: 0
  m_FlipY: 0
--- !u!212 &21215290
SpriteRenderer:
  m_ObjectHideFlags: 1
  m_PrefabParentObject: {fileID: 0}
  m_PrefabInternal: {fileID: 100100000}
  m_GameObject: {fileID: 146692}
  m_Enabled: 1
  m_CastShadows: 0
  m_ReceiveShadows: 0
  m_Materials:
  - {fileID: 2100000, guid: 5c618b3bf6bc344eda5f9c8d14f2abf8, type: 2}
  m_SubsetIndices: 
  m_StaticBatchRoot: {fileID: 0}
  m_UseLightProbes: 0
  m_ReflectionProbeUsage: 0
  m_ProbeAnchor: {fileID: 0}
  m_ScaleInLightmap: 1
  m_PreserveUVs: 0
  m_IgnoreNormalsForChartDetection: 0
  m_ImportantGI: 0
  m_MinimumChartSize: 4
  m_AutoUVMaxDistance: 0.5
  m_AutoUVMaxAngle: 89
  m_LightmapParameters: {fileID: 0}
  m_SortingLayerID: -537633153
  m_SortingOrder: 0
  m_Sprite: {fileID: 21300000, guid: e95cd1dcca1243e41b3bd1ccb0f02729, type: 3}
  m_Color: {r: 1, g: 1, b: 1, a: 1}
  m_FlipX: 0
  m_FlipY: 0
--- !u!212 &21239386
SpriteRenderer:
  m_ObjectHideFlags: 1
  m_PrefabParentObject: {fileID: 0}
  m_PrefabInternal: {fileID: 100100000}
  m_GameObject: {fileID: 162946}
  m_Enabled: 0
  m_CastShadows: 0
  m_ReceiveShadows: 0
  m_Materials:
  - {fileID: 2100000, guid: 5c618b3bf6bc344eda5f9c8d14f2abf8, type: 2}
  m_SubsetIndices: 
  m_StaticBatchRoot: {fileID: 0}
  m_UseLightProbes: 0
  m_ReflectionProbeUsage: 0
  m_ProbeAnchor: {fileID: 0}
  m_ScaleInLightmap: 1
  m_PreserveUVs: 0
  m_IgnoreNormalsForChartDetection: 0
  m_ImportantGI: 0
  m_MinimumChartSize: 4
  m_AutoUVMaxDistance: 0.5
  m_AutoUVMaxAngle: 89
  m_LightmapParameters: {fileID: 0}
  m_SortingLayerID: -537633153
  m_SortingOrder: 1
  m_Sprite: {fileID: 0}
  m_Color: {r: 1, g: 1, b: 1, a: 1}
  m_FlipX: 0
  m_FlipY: 0
--- !u!1001 &100100000
Prefab:
  m_ObjectHideFlags: 1
  serializedVersion: 2
  m_Modification:
    m_TransformParent: {fileID: 0}
    m_Modifications:
    - target: {fileID: 0}
      propertyPath: breakSprite.Array.size
      value: 3
      objectReference: {fileID: 0}
    - target: {fileID: 0}
      propertyPath: breakCharPosX.Array.size
      value: 4
      objectReference: {fileID: 0}
    - target: {fileID: 0}
      propertyPath: breakCharPosY.Array.size
      value: 4
      objectReference: {fileID: 0}
    - target: {fileID: 0}
      propertyPath: BossOnHitSound.Array.size
      value: 1
      objectReference: {fileID: 0}
    - target: {fileID: 0}
      propertyPath: monster1
      value: 
      objectReference: {fileID: 21300000, guid: e95cd1dcca1243e41b3bd1ccb0f02729,
        type: 3}
    - target: {fileID: 0}
      propertyPath: monster2
      value: 
      objectReference: {fileID: 21300000, guid: d2a0daf4e95b22b4aa0ef99bf6784f52,
        type: 3}
    - target: {fileID: 0}
      propertyPath: monster3
      value: 
      objectReference: {fileID: 21300000, guid: 6b12cca150c50e84f9cf16b348e56d0b,
        type: 3}
    - target: {fileID: 0}
      propertyPath: monster4
      value: 
      objectReference: {fileID: 21300000, guid: 8689873a52a637b49bd8b5e451bfdc5f,
        type: 3}
    - target: {fileID: 0}
      propertyPath: m_Enabled
      value: 1
      objectReference: {fileID: 0}
    - target: {fileID: 0}
      propertyPath: breakCharPosX.Array.data[0]
      value: -.0299999993
      objectReference: {fileID: 0}
    - target: {fileID: 0}
      propertyPath: breakCharPosX.Array.data[1]
      value: -.75999999
      objectReference: {fileID: 0}
    - target: {fileID: 0}
      propertyPath: breakCharPosX.Array.data[2]
      value: .109999999
      objectReference: {fileID: 0}
    - target: {fileID: 0}
      propertyPath: breakCharPosX.Array.data[3]
      value: -.300000012
      objectReference: {fileID: 0}
    - target: {fileID: 0}
      propertyPath: breakCharPosY.Array.data[0]
      value: 2.67000008
      objectReference: {fileID: 0}
    - target: {fileID: 0}
      propertyPath: breakCharPosY.Array.data[1]
      value: 1.13
      objectReference: {fileID: 0}
    - target: {fileID: 0}
      propertyPath: breakCharPosY.Array.data[2]
      value: -.910000026
      objectReference: {fileID: 0}
    - target: {fileID: 0}
      propertyPath: breakCharPosY.Array.data[3]
      value: .270000011
      objectReference: {fileID: 0}
    - target: {fileID: 0}
      propertyPath: originalSprite
      value: 
      objectReference: {fileID: 21300000, guid: e95cd1dcca1243e41b3bd1ccb0f02729,
        type: 3}
    - target: {fileID: 0}
      propertyPath: breakSprite.Array.data[0]
      value: 
      objectReference: {fileID: 21300000, guid: d2a0daf4e95b22b4aa0ef99bf6784f52,
        type: 3}
    - target: {fileID: 0}
      propertyPath: breakSprite.Array.data[1]
      value: 
      objectReference: {fileID: 21300000, guid: 6b12cca150c50e84f9cf16b348e56d0b,
        type: 3}
    - target: {fileID: 0}
      propertyPath: breakSprite.Array.data[2]
      value: 
      objectReference: {fileID: 21300000, guid: 8689873a52a637b49bd8b5e451bfdc5f,
        type: 3}
    - target: {fileID: 0}
      propertyPath: m_LocalPosition.z
      value: -1
      objectReference: {fileID: 0}
    - target: {fileID: 0}
      propertyPath: m_SortingOrder
      value: 1
      objectReference: {fileID: 0}
    - target: {fileID: 0}
      propertyPath: BossOnHitSound.Array.data[0]
      value: 35
      objectReference: {fileID: 0}
    m_RemovedComponents: []
  m_ParentPrefab: {fileID: 0}
  m_RootGameObject: {fileID: 159060}
  m_IsPrefabParent: 1
