%YAML 1.1
%TAG !u! tag:unity3d.com,2011:
--- !u!1 &150044
GameObject:
  m_ObjectHideFlags: 0
  m_PrefabParentObject: {fileID: 0}
  m_PrefabInternal: {fileID: 100100000}
  serializedVersion: 4
  m_Component:
  - 4: {fileID: 454136}
  - 95: {fileID: 9563738}
  - 82: {fileID: 8221468}
  - 114: {fileID: 11434798}
  m_Layer: 0
  m_Name: Boss_026
  m_TagString: Untagged
  m_Icon: {fileID: 0}
  m_NavMeshLayer: 0
  m_StaticEditorFlags: 0
  m_IsActive: 1
--- !u!1 &160392
GameObject:
  m_ObjectHideFlags: 0
  m_PrefabParentObject: {fileID: 0}
  m_PrefabInternal: {fileID: 100100000}
  serializedVersion: 4
  m_Component:
  - 4: {fileID: 413238}
  - 212: {fileID: 21242186}
  m_Layer: 0
  m_Name: EnemyEyeOnHit
  m_TagString: Untagged
  m_Icon: {fileID: 0}
  m_NavMeshLayer: 0
  m_StaticEditorFlags: 0
  m_IsActive: 1
--- !u!1 &160968
GameObject:
  m_ObjectHideFlags: 0
  m_PrefabParentObject: {fileID: 0}
  m_PrefabInternal: {fileID: 100100000}
  serializedVersion: 4
  m_Component:
  - 4: {fileID: 449968}
  - 212: {fileID: 21220418}
  - 60: {fileID: 6002936}
  m_Layer: 0
  m_Name: EnemyBody
  m_TagString: Untagged
  m_Icon: {fileID: 0}
  m_NavMeshLayer: 0
  m_StaticEditorFlags: 0
  m_IsActive: 1
--- !u!1 &163538
GameObject:
  m_ObjectHideFlags: 0
  m_PrefabParentObject: {fileID: 0}
  m_PrefabInternal: {fileID: 100100000}
  serializedVersion: 4
  m_Component:
  - 4: {fileID: 417342}
  - 212: {fileID: 21263502}
  m_Layer: 0
  m_Name: EnemyBodyOnTouch
  m_TagString: Untagged
  m_Icon: {fileID: 0}
  m_NavMeshLayer: 0
  m_StaticEditorFlags: 0
  m_IsActive: 1
--- !u!4 &413238
Transform:
  m_ObjectHideFlags: 1
  m_PrefabParentObject: {fileID: 0}
  m_PrefabInternal: {fileID: 100100000}
  m_GameObject: {fileID: 160392}
  m_LocalRotation: {x: 0, y: 0, z: 0, w: 1}
  m_LocalPosition: {x: 0.4, y: 1.577, z: 0}
  m_LocalScale: {x: 1, y: 1, z: 1}
  m_Children: []
  m_Father: {fileID: 454136}
  m_RootOrder: 2
--- !u!4 &417342
Transform:
  m_ObjectHideFlags: 1
  m_PrefabParentObject: {fileID: 0}
  m_PrefabInternal: {fileID: 100100000}
  m_GameObject: {fileID: 163538}
  m_LocalRotation: {x: 0, y: 0, z: 0, w: 1}
  m_LocalPosition: {x: -0.1, y: -0.043, z: 1}
  m_LocalScale: {x: 0.6391356, y: 0.6391356, z: 0.6391356}
  m_Children: []
  m_Father: {fileID: 454136}
  m_RootOrder: 0
--- !u!4 &449968
Transform:
  m_ObjectHideFlags: 1
  m_PrefabParentObject: {fileID: 0}
  m_PrefabInternal: {fileID: 100100000}
  m_GameObject: {fileID: 160968}
  m_LocalRotation: {x: 0, y: 0, z: 0, w: 1}
  m_LocalPosition: {x: -0.29, y: 0, z: 0}
  m_LocalScale: {x: 1, y: 1, z: 1}
  m_Children: []
  m_Father: {fileID: 454136}
  m_RootOrder: 1
--- !u!4 &454136
Transform:
  m_ObjectHideFlags: 1
  m_PrefabParentObject: {fileID: 0}
  m_PrefabInternal: {fileID: 100100000}
  m_GameObject: {fileID: 150044}
  m_LocalRotation: {x: 0, y: 0, z: 0, w: 1}
  m_LocalPosition: {x: 0, y: 0, z: 0}
  m_LocalScale: {x: 1, y: 1, z: 1}
  m_Children:
  - {fileID: 417342}
  - {fileID: 449968}
  - {fileID: 413238}
  m_Father: {fileID: 0}
  m_RootOrder: 0
--- !u!60 &6002936
PolygonCollider2D:
  m_ObjectHideFlags: 1
  m_PrefabParentObject: {fileID: 0}
  m_PrefabInternal: {fileID: 100100000}
  m_GameObject: {fileID: 160968}
  m_Enabled: 1
  m_Density: 1
  m_Material: {fileID: 0}
  m_IsTrigger: 0
  m_UsedByEffector: 0
  m_Offset: {x: 0, y: 0}
  m_Points:
    m_Paths:
    - - {x: -1.7775619, y: -1.2645851}
      - {x: -1.8478523, y: -0.5949956}
      - {x: -1.680597, y: -0.16870809}
      - {x: -1.2026792, y: -0.075378805}
      - {x: -1.2009891, y: 0.10532132}
      - {x: -0.89648044, y: -0.03118813}
      - {x: -0.6859905, y: 0.02997297}
      - {x: -0.7988479, y: 0.2906326}
      - {x: -0.66581875, y: 0.5940685}
      - {x: -0.40521252, y: 0.7712191}
      - {x: -0.33743137, y: 0.9474919}
      - {x: -0.6521095, y: 0.8938898}
      - {x: -1.0699315, y: 1.0151483}
      - {x: -1.1651938, y: 1.3375337}
      - {x: -0.7286725, y: 1.1663204}
      - {x: -0.39815748, y: 1.3189839}
      - {x: -0.34754336, y: 1.7333965}
      - {x: -0.51622003, y: 2.7415342}
      - {x: -0.43019694, y: 3.041968}
      - {x: -0.20661658, y: 2.8324182}
      - {x: -0.11521305, y: 2.4450533}
      - {x: 0.23212284, y: 2.7579558}
      - {x: 0.57579195, y: 2.836239}
      - {x: 0.82906127, y: 2.7820058}
      - {x: 0.68184406, y: 3.197338}
      - {x: 0.75509804, y: 3.462211}
      - {x: 1.0380292, y: 3.2669437}
      - {x: 1.1652193, y: 2.8793662}
      - {x: 1.4572911, y: 2.8722255}
      - {x: 1.7667137, y: 2.4406657}
      - {x: 1.7506844, y: 1.9530091}
      - {x: 1.5332242, y: 1.8733991}
      - {x: 1.6811852, y: 1.5782874}
      - {x: 2.1624198, y: 1.2922913}
      - {x: 2.4325132, y: 1.5673081}
      - {x: 2.5556674, y: 1.0349716}
      - {x: 2.2028975, y: 0.8007703}
      - {x: 2.5118566, y: 0.5292828}
      - {x: 2.79308, y: 0.68034416}
      - {x: 2.6598794, y: 0.25908244}
      - {x: 2.6913235, y: -0.17015174}
      - {x: 2.5942426, y: -0.7092998}
      - {x: 2.7595983, y: -0.6078308}
      - {x: 2.655663, y: -1.0607415}
      - {x: 2.2837589, y: -1.0341177}
      - {x: 2.0698805, y: -1.2084275}
      - {x: 2.128764, y: -1.5554609}
      - {x: 2.3673038, y: -2.2455933}
      - {x: 2.8540907, y: -2.6015954}
      - {x: 2.7118082, y: -3.0623662}
      - {x: 2.3008838, y: -3.1869082}
      - {x: 1.7754216, y: -3.222432}
      - {x: 1.3858398, y: -3.2154408}
      - {x: 0.899332, y: -3.2884176}
      - {x: 0.055582106, y: -3.326952}
      - {x: -0.4812259, y: -3.2765577}
      - {x: -0.58624995, y: -3.4602168}
      - {x: -1.034538, y: -3.351601}
      - {x: -1.5563644, y: -3.2711308}
      - {x: -2.4652357, y: -3.1122038}
      - {x: -2.3788197, y: -2.8195562}
      - {x: -2.8054173, y: -2.7138395}
      - {x: -2.6928115, y: -2.5000238}
      - {x: -2.3418088, y: -2.3208802}
      - {x: -2.0343404, y: -2.3143103}
      - {x: -1.8804232, y: -2.1988757}
--- !u!82 &8221468
AudioSource:
  m_ObjectHideFlags: 1
  m_PrefabParentObject: {fileID: 0}
  m_PrefabInternal: {fileID: 100100000}
  m_GameObject: {fileID: 150044}
  m_Enabled: 1
  serializedVersion: 4
  OutputAudioMixerGroup: {fileID: 0}
  m_audioClip: {fileID: 8300000, guid: 650b8112c0c5d4ac7920e4a5af2ab049, type: 3}
  m_PlayOnAwake: 0
  m_Volume: 1
  m_Pitch: 1
  Loop: 0
  Mute: 0
  Spatialize: 0
  Priority: 128
  DopplerLevel: 1
  MinDistance: 1
  MaxDistance: 500
  Pan2D: 0
  rolloffMode: 0
  BypassEffects: 0
  BypassListenerEffects: 0
  BypassReverbZones: 0
  rolloffCustomCurve:
    serializedVersion: 2
    m_Curve:
    - time: 0
      value: 1
      inSlope: 0
      outSlope: 0
      tangentMode: 0
    - time: 1
      value: 0
      inSlope: 0
      outSlope: 0
      tangentMode: 0
    m_PreInfinity: 2
    m_PostInfinity: 2
    m_RotationOrder: 4
  panLevelCustomCurve:
    serializedVersion: 2
    m_Curve:
    - time: 0
      value: 0
      inSlope: 0
      outSlope: 0
      tangentMode: 0
    m_PreInfinity: 2
    m_PostInfinity: 2
    m_RotationOrder: 0
  spreadCustomCurve:
    serializedVersion: 2
    m_Curve:
    - time: 0
      value: 0
      inSlope: 0
      outSlope: 0
      tangentMode: 0
    m_PreInfinity: 2
    m_PostInfinity: 2
    m_RotationOrder: 0
  reverbZoneMixCustomCurve:
    serializedVersion: 2
    m_Curve:
    - time: 0
      value: 1
      inSlope: 0
      outSlope: 0
      tangentMode: 0
    m_PreInfinity: 2
    m_PostInfinity: 2
    m_RotationOrder: 0
--- !u!95 &9563738
Animator:
  serializedVersion: 3
  m_ObjectHideFlags: 1
  m_PrefabParentObject: {fileID: 0}
  m_PrefabInternal: {fileID: 100100000}
  m_GameObject: {fileID: 150044}
  m_Enabled: 1
  m_Avatar: {fileID: 0}
  m_Controller: {fileID: 9100000, guid: d965d9a100d228c4a941d56b9866c6dd, type: 2}
  m_CullingMode: 0
  m_UpdateMode: 0
  m_ApplyRootMotion: 0
  m_LinearVelocityBlending: 0
  m_WarningMessage: 
  m_HasTransformHierarchy: 1
  m_AllowConstantClipSamplingOptimization: 1
--- !u!114 &11434798
MonoBehaviour:
  m_ObjectHideFlags: 1
  m_PrefabParentObject: {fileID: 0}
  m_PrefabInternal: {fileID: 100100000}
  m_GameObject: {fileID: 150044}
  m_Enabled: 1
  m_EditorHideFlags: 0
  m_Script: {fileID: 11500000, guid: 60e2c848cbeb14981be8be93803bd9ca, type: 3}
  m_Name: 
  m_EditorClassIdentifier: 
  spriteRenderer: {fileID: 21220418}
  monsterGirl: {fileID: 150044}
  monsterAnim: {fileID: 9563738}
  breakEffect: {fileID: 185854, guid: 50af462ccb4c74a50b0f28be441aaa7e, type: 2}
  deadEffect: {fileID: 0}
  breakLevel: 0
  originalSprite: {fileID: 21300000, guid: 88e85c57a02f243b69c0a72925203bba, type: 3}
  breakCharPosX:
  - 0.6
  - 1
  - 0.45
  - 0.3
  breakCharPosY:
  - 1.3
  - -0.2
  - -1.9
  - 0.1
  BossOnHitSound: 4b000000
--- !u!212 &21220418
SpriteRenderer:
  m_ObjectHideFlags: 1
  m_PrefabParentObject: {fileID: 0}
  m_PrefabInternal: {fileID: 100100000}
  m_GameObject: {fileID: 160968}
  m_Enabled: 1
  m_CastShadows: 0
  m_ReceiveShadows: 0
  m_Materials:
  - {fileID: 2100000, guid: 5c618b3bf6bc344eda5f9c8d14f2abf8, type: 2}
  m_SubsetIndices: 
  m_StaticBatchRoot: {fileID: 0}
  m_UseLightProbes: 0
  m_ReflectionProbeUsage: 0
  m_ProbeAnchor: {fileID: 0}
  m_ScaleInLightmap: 1
  m_PreserveUVs: 0
  m_IgnoreNormalsForChartDetection: 0
  m_ImportantGI: 0
  m_MinimumChartSize: 4
  m_AutoUVMaxDistance: 0.5
  m_AutoUVMaxAngle: 89
  m_LightmapParameters: {fileID: 0}
  m_SortingLayerID: -537633153
  m_SortingOrder: 0
  m_Sprite: {fileID: 21300000, guid: 88e85c57a02f243b69c0a72925203bba, type: 3}
  m_Color: {r: 1, g: 1, b: 1, a: 1}
  m_FlipX: 0
  m_FlipY: 0
--- !u!212 &21242186
SpriteRenderer:
  m_ObjectHideFlags: 1
  m_PrefabParentObject: {fileID: 0}
  m_PrefabInternal: {fileID: 100100000}
  m_GameObject: {fileID: 160392}
  m_Enabled: 0
  m_CastShadows: 0
  m_ReceiveShadows: 0
  m_Materials:
  - {fileID: 2100000, guid: 5c618b3bf6bc344eda5f9c8d14f2abf8, type: 2}
  m_SubsetIndices: 
  m_StaticBatchRoot: {fileID: 0}
  m_UseLightProbes: 0
  m_ReflectionProbeUsage: 0
  m_ProbeAnchor: {fileID: 0}
  m_ScaleInLightmap: 1
  m_PreserveUVs: 0
  m_IgnoreNormalsForChartDetection: 0
  m_ImportantGI: 0
  m_MinimumChartSize: 4
  m_AutoUVMaxDistance: 0.5
  m_AutoUVMaxAngle: 89
  m_LightmapParameters: {fileID: 0}
  m_SortingLayerID: -537633153
  m_SortingOrder: 1
  m_Sprite: {fileID: 21300000, guid: ba06aa43d78944d149dc8a7be5434f52, type: 3}
  m_Color: {r: 1, g: 1, b: 1, a: 1}
  m_FlipX: 0
  m_FlipY: 0
--- !u!212 &21263502
SpriteRenderer:
  m_ObjectHideFlags: 1
  m_PrefabParentObject: {fileID: 0}
  m_PrefabInternal: {fileID: 100100000}
  m_GameObject: {fileID: 163538}
  m_Enabled: 1
  m_CastShadows: 0
  m_ReceiveShadows: 0
  m_Materials:
  - {fileID: 2100000, guid: 5c618b3bf6bc344eda5f9c8d14f2abf8, type: 2}
  m_SubsetIndices: 
  m_StaticBatchRoot: {fileID: 0}
  m_UseLightProbes: 0
  m_ReflectionProbeUsage: 0
  m_ProbeAnchor: {fileID: 0}
  m_ScaleInLightmap: 1
  m_PreserveUVs: 0
  m_IgnoreNormalsForChartDetection: 0
  m_ImportantGI: 0
  m_MinimumChartSize: 4
  m_AutoUVMaxDistance: 0.5
  m_AutoUVMaxAngle: 89
  m_LightmapParameters: {fileID: 0}
  m_SortingLayerID: -537633153
  m_SortingOrder: 0
  m_Sprite: {fileID: 21300000, guid: 97fba8eeb27e54a67b6363fa423853e8, type: 3}
  m_Color: {r: 1, g: 1, b: 1, a: 0}
  m_FlipX: 0
  m_FlipY: 0
--- !u!1001 &100100000
Prefab:
  m_ObjectHideFlags: 1
  serializedVersion: 2
  m_Modification:
    m_TransformParent: {fileID: 0}
    m_Modifications: []
    m_RemovedComponents: []
  m_ParentPrefab: {fileID: 0}
  m_RootGameObject: {fileID: 150044}
  m_IsPrefabParent: 1
