%YAML 1.1
%TAG !u! tag:unity3d.com,2011:
--- !u!1 &116986
GameObject:
  m_ObjectHideFlags: 0
  m_PrefabParentObject: {fileID: 0}
  m_PrefabInternal: {fileID: 100100000}
  serializedVersion: 4
  m_Component:
  - 4: {fileID: 449412}
  - 95: {fileID: 9533586}
  - 82: {fileID: 8297948}
  - 114: {fileID: 11424792}
  m_Layer: 0
  m_Name: Boss_004
  m_TagString: Untagged
  m_Icon: {fileID: 0}
  m_NavMeshLayer: 0
  m_StaticEditorFlags: 0
  m_IsActive: 1
--- !u!1 &119808
GameObject:
  m_ObjectHideFlags: 0
  m_PrefabParentObject: {fileID: 0}
  m_PrefabInternal: {fileID: 100100000}
  serializedVersion: 4
  m_Component:
  - 4: {fileID: 480154}
  - 212: {fileID: 21292820}
  m_Layer: 0
  m_Name: EnemyBodyOnTouch
  m_TagString: Untagged
  m_Icon: {fileID: 0}
  m_NavMeshLayer: 0
  m_StaticEditorFlags: 0
  m_IsActive: 1
--- !u!1 &148706
GameObject:
  m_ObjectHideFlags: 0
  m_PrefabParentObject: {fileID: 0}
  m_PrefabInternal: {fileID: 100100000}
  serializedVersion: 4
  m_Component:
  - 4: {fileID: 401176}
  - 212: {fileID: 21209532}
  m_Layer: 0
  m_Name: EnemyEyeOnHit
  m_TagString: Untagged
  m_Icon: {fileID: 0}
  m_NavMeshLayer: 0
  m_StaticEditorFlags: 0
  m_IsActive: 1
--- !u!1 &171932
GameObject:
  m_ObjectHideFlags: 0
  m_PrefabParentObject: {fileID: 0}
  m_PrefabInternal: {fileID: 100100000}
  serializedVersion: 4
  m_Component:
  - 4: {fileID: 489362}
  - 212: {fileID: 21269990}
  - 60: {fileID: 6013418}
  m_Layer: 0
  m_Name: EnemyBody
  m_TagString: Untagged
  m_Icon: {fileID: 0}
  m_NavMeshLayer: 0
  m_StaticEditorFlags: 0
  m_IsActive: 1
--- !u!4 &401176
Transform:
  m_ObjectHideFlags: 1
  m_PrefabParentObject: {fileID: 0}
  m_PrefabInternal: {fileID: 100100000}
  m_GameObject: {fileID: 148706}
  m_LocalRotation: {x: 0, y: 0, z: 0, w: 1}
  m_LocalPosition: {x: 0.13, y: 2.696, z: 0}
  m_LocalScale: {x: 1, y: 1, z: 1}
  m_Children: []
  m_Father: {fileID: 449412}
  m_RootOrder: 2
--- !u!4 &449412
Transform:
  m_ObjectHideFlags: 1
  m_PrefabParentObject: {fileID: 0}
  m_PrefabInternal: {fileID: 100100000}
  m_GameObject: {fileID: 116986}
  m_LocalRotation: {x: 0, y: 0, z: 0, w: 1}
  m_LocalPosition: {x: 0, y: 0, z: 0}
  m_LocalScale: {x: 1, y: 1, z: 1}
  m_Children:
  - {fileID: 480154}
  - {fileID: 489362}
  - {fileID: 401176}
  m_Father: {fileID: 0}
  m_RootOrder: 0
--- !u!4 &480154
Transform:
  m_ObjectHideFlags: 1
  m_PrefabParentObject: {fileID: 0}
  m_PrefabInternal: {fileID: 100100000}
  m_GameObject: {fileID: 119808}
  m_LocalRotation: {x: 0, y: 0, z: 0, w: 1}
  m_LocalPosition: {x: 0.66, y: -1.97, z: 1}
  m_LocalScale: {x: 1.0387468, y: 1.0422105, z: 1}
  m_Children: []
  m_Father: {fileID: 449412}
  m_RootOrder: 0
--- !u!4 &489362
Transform:
  m_ObjectHideFlags: 1
  m_PrefabParentObject: {fileID: 0}
  m_PrefabInternal: {fileID: 100100000}
  m_GameObject: {fileID: 171932}
  m_LocalRotation: {x: 0, y: 0, z: 0, w: 1}
  m_LocalPosition: {x: 0, y: 0, z: 0}
  m_LocalScale: {x: 1, y: 1, z: 1}
  m_Children: []
  m_Father: {fileID: 449412}
  m_RootOrder: 1
--- !u!60 &6013418
PolygonCollider2D:
  m_ObjectHideFlags: 1
  m_PrefabParentObject: {fileID: 0}
  m_PrefabInternal: {fileID: 100100000}
  m_GameObject: {fileID: 171932}
  m_Enabled: 1
  m_Density: 1
  m_Material: {fileID: 0}
  m_IsTrigger: 0
  m_UsedByEffector: 0
  m_Offset: {x: 0, y: 0}
  m_Points:
    m_Paths:
    - - {x: -2.070502, y: 1.2526139}
      - {x: -1.7860733, y: 1.639982}
      - {x: -2.014657, y: 1.9108669}
      - {x: -2.8314075, y: 1.9086291}
      - {x: -2.8652027, y: 1.4547358}
      - {x: -2.4134216, y: 1.0221031}
      - {x: -2.5169194, y: 0.39653993}
      - {x: -3.1361704, y: 0.48171175}
      - {x: -2.8235028, y: 0.76642585}
      - {x: -3.2733865, y: 1.2937057}
      - {x: -3.2900536, y: 1.7739506}
      - {x: -2.9715059, y: 2.3529952}
      - {x: -2.34376, y: 2.5118723}
      - {x: -1.4550072, y: 3.942215}
      - {x: -0.7345756, y: 3.4552417}
      - {x: -0.30036962, y: 4.0956726}
      - {x: -0.400064, y: 5.2301035}
      - {x: 0.021529704, y: 4.2063017}
      - {x: 0.67552376, y: 4.1552477}
      - {x: 0.9990335, y: 3.8287194}
      - {x: 1.3662946, y: 3.7573924}
      - {x: 1.5779521, y: 3.1121411}
      - {x: 1.436541, y: 2.8354473}
      - {x: 2.2533429, y: 3.1588304}
      - {x: 2.7817695, y: 2.7574008}
      - {x: 2.6953824, y: 2.2957642}
      - {x: 2.2787464, y: 2.1040606}
      - {x: 2.1776288, y: 1.7945962}
      - {x: 2.8968277, y: 1.5395569}
      - {x: 3.324398, y: 0.9567618}
      - {x: 2.9027376, y: 0.70300704}
      - {x: 2.5785444, y: 0.7211507}
      - {x: 2.8463058, y: 1.2038575}
      - {x: 2.108614, y: 1.4129949}
      - {x: 2.2329643, y: 0.86216235}
      - {x: 2.5807216, y: 0.5749253}
      - {x: 3.866051, y: -0.050815463}
      - {x: 3.8986633, y: -5.0788326}
      - {x: -3.918255, y: -5.1155667}
      - {x: -3.9682362, y: -1.5965204}
      - {x: -2.9272795, y: -1.4240923}
      - {x: -2.4840052, y: 0.05919695}
      - {x: -2.0675385, y: 0.8327988}
--- !u!82 &8297948
AudioSource:
  m_ObjectHideFlags: 1
  m_PrefabParentObject: {fileID: 0}
  m_PrefabInternal: {fileID: 100100000}
  m_GameObject: {fileID: 116986}
  m_Enabled: 1
  serializedVersion: 4
  OutputAudioMixerGroup: {fileID: 0}
  m_audioClip: {fileID: 8300000, guid: 650b8112c0c5d4ac7920e4a5af2ab049, type: 3}
  m_PlayOnAwake: 0
  m_Volume: 1
  m_Pitch: 1
  Loop: 0
  Mute: 0
  Spatialize: 0
  Priority: 128
  DopplerLevel: 1
  MinDistance: 1
  MaxDistance: 500
  Pan2D: 0
  rolloffMode: 0
  BypassEffects: 0
  BypassListenerEffects: 0
  BypassReverbZones: 0
  rolloffCustomCurve:
    serializedVersion: 2
    m_Curve:
    - time: 0
      value: 1
      inSlope: 0
      outSlope: 0
      tangentMode: 0
    - time: 1
      value: 0
      inSlope: 0
      outSlope: 0
      tangentMode: 0
    m_PreInfinity: 2
    m_PostInfinity: 2
    m_RotationOrder: 4
  panLevelCustomCurve:
    serializedVersion: 2
    m_Curve:
    - time: 0
      value: 0
      inSlope: 0
      outSlope: 0
      tangentMode: 0
    m_PreInfinity: 2
    m_PostInfinity: 2
    m_RotationOrder: 0
  spreadCustomCurve:
    serializedVersion: 2
    m_Curve:
    - time: 0
      value: 0
      inSlope: 0
      outSlope: 0
      tangentMode: 0
    m_PreInfinity: 2
    m_PostInfinity: 2
    m_RotationOrder: 0
  reverbZoneMixCustomCurve:
    serializedVersion: 2
    m_Curve:
    - time: 0
      value: 1
      inSlope: 0
      outSlope: 0
      tangentMode: 0
    m_PreInfinity: 2
    m_PostInfinity: 2
    m_RotationOrder: 0
--- !u!95 &9533586
Animator:
  serializedVersion: 3
  m_ObjectHideFlags: 1
  m_PrefabParentObject: {fileID: 0}
  m_PrefabInternal: {fileID: 100100000}
  m_GameObject: {fileID: 116986}
  m_Enabled: 1
  m_Avatar: {fileID: 0}
  m_Controller: {fileID: 9100000, guid: d965d9a100d228c4a941d56b9866c6dd, type: 2}
  m_CullingMode: 0
  m_UpdateMode: 0
  m_ApplyRootMotion: 0
  m_LinearVelocityBlending: 0
  m_WarningMessage: 
  m_HasTransformHierarchy: 1
  m_AllowConstantClipSamplingOptimization: 1
--- !u!114 &11424792
MonoBehaviour:
  m_ObjectHideFlags: 1
  m_PrefabParentObject: {fileID: 0}
  m_PrefabInternal: {fileID: 100100000}
  m_GameObject: {fileID: 116986}
  m_Enabled: 1
  m_EditorHideFlags: 0
  m_Script: {fileID: 11500000, guid: 60e2c848cbeb14981be8be93803bd9ca, type: 3}
  m_Name: 
  m_EditorClassIdentifier: 
  spriteRenderer: {fileID: 21269990}
  monsterGirl: {fileID: 116986}
  monsterAnim: {fileID: 9533586}
  breakEffect: {fileID: 185854, guid: 50af462ccb4c74a50b0f28be441aaa7e, type: 2}
  deadEffect: {fileID: 0}
  breakLevel: 0
  originalSprite: {fileID: 21300000, guid: 628d4a0c68d475c40b7902eabf1bc457, type: 3}
  breakCharPosX:
  - 0.31
  - -0.21
  - 0.32
  - 0.15
  breakCharPosY:
  - 2.72
  - 1.06
  - -1.47
  - 0.76
  BossOnHitSound: 2a000000
--- !u!212 &21209532
SpriteRenderer:
  m_ObjectHideFlags: 1
  m_PrefabParentObject: {fileID: 0}
  m_PrefabInternal: {fileID: 100100000}
  m_GameObject: {fileID: 148706}
  m_Enabled: 0
  m_CastShadows: 0
  m_ReceiveShadows: 0
  m_Materials:
  - {fileID: 2100000, guid: 5c618b3bf6bc344eda5f9c8d14f2abf8, type: 2}
  m_SubsetIndices: 
  m_StaticBatchRoot: {fileID: 0}
  m_UseLightProbes: 0
  m_ReflectionProbeUsage: 0
  m_ProbeAnchor: {fileID: 0}
  m_ScaleInLightmap: 1
  m_PreserveUVs: 0
  m_IgnoreNormalsForChartDetection: 0
  m_ImportantGI: 0
  m_MinimumChartSize: 4
  m_AutoUVMaxDistance: 0.5
  m_AutoUVMaxAngle: 89
  m_LightmapParameters: {fileID: 0}
  m_SortingLayerID: -537633153
  m_SortingOrder: 1
  m_Sprite: {fileID: 21300000, guid: f63c8713a5ac7174dad5dd2ff86e2488, type: 3}
  m_Color: {r: 1, g: 1, b: 1, a: 1}
  m_FlipX: 0
  m_FlipY: 0
--- !u!212 &21269990
SpriteRenderer:
  m_ObjectHideFlags: 1
  m_PrefabParentObject: {fileID: 0}
  m_PrefabInternal: {fileID: 100100000}
  m_GameObject: {fileID: 171932}
  m_Enabled: 1
  m_CastShadows: 0
  m_ReceiveShadows: 0
  m_Materials:
  - {fileID: 2100000, guid: 5c618b3bf6bc344eda5f9c8d14f2abf8, type: 2}
  m_SubsetIndices: 
  m_StaticBatchRoot: {fileID: 0}
  m_UseLightProbes: 0
  m_ReflectionProbeUsage: 0
  m_ProbeAnchor: {fileID: 0}
  m_ScaleInLightmap: 1
  m_PreserveUVs: 0
  m_IgnoreNormalsForChartDetection: 0
  m_ImportantGI: 0
  m_MinimumChartSize: 4
  m_AutoUVMaxDistance: 0.5
  m_AutoUVMaxAngle: 89
  m_LightmapParameters: {fileID: 0}
  m_SortingLayerID: -537633153
  m_SortingOrder: 0
  m_Sprite: {fileID: 21300000, guid: 628d4a0c68d475c40b7902eabf1bc457, type: 3}
  m_Color: {r: 1, g: 1, b: 1, a: 1}
  m_FlipX: 0
  m_FlipY: 0
--- !u!212 &21292820
SpriteRenderer:
  m_ObjectHideFlags: 1
  m_PrefabParentObject: {fileID: 0}
  m_PrefabInternal: {fileID: 100100000}
  m_GameObject: {fileID: 119808}
  m_Enabled: 1
  m_CastShadows: 0
  m_ReceiveShadows: 0
  m_Materials:
  - {fileID: 2100000, guid: 5c618b3bf6bc344eda5f9c8d14f2abf8, type: 2}
  m_SubsetIndices: 
  m_StaticBatchRoot: {fileID: 0}
  m_UseLightProbes: 0
  m_ReflectionProbeUsage: 0
  m_ProbeAnchor: {fileID: 0}
  m_ScaleInLightmap: 1
  m_PreserveUVs: 0
  m_IgnoreNormalsForChartDetection: 0
  m_ImportantGI: 0
  m_MinimumChartSize: 4
  m_AutoUVMaxDistance: 0.5
  m_AutoUVMaxAngle: 89
  m_LightmapParameters: {fileID: 0}
  m_SortingLayerID: -537633153
  m_SortingOrder: 0
  m_Sprite: {fileID: 21300000, guid: f3d03b849086de84aafbbf067a6c490f, type: 3}
  m_Color: {r: 1, g: 1, b: 1, a: 0}
  m_FlipX: 0
  m_FlipY: 0
--- !u!1001 &100100000
Prefab:
  m_ObjectHideFlags: 1
  serializedVersion: 2
  m_Modification:
    m_TransformParent: {fileID: 0}
    m_Modifications:
    - target: {fileID: 0}
      propertyPath: breakSprite.Array.size
      value: 3
      objectReference: {fileID: 0}
    - target: {fileID: 0}
      propertyPath: breakCharPosX.Array.size
      value: 4
      objectReference: {fileID: 0}
    - target: {fileID: 0}
      propertyPath: breakCharPosY.Array.size
      value: 4
      objectReference: {fileID: 0}
    - target: {fileID: 0}
      propertyPath: BossOnHitSound.Array.size
      value: 1
      objectReference: {fileID: 0}
    - target: {fileID: 0}
      propertyPath: m_Enabled
      value: 1
      objectReference: {fileID: 0}
    - target: {fileID: 0}
      propertyPath: breakCharPosX.Array.data[0]
      value: .310000002
      objectReference: {fileID: 0}
    - target: {fileID: 0}
      propertyPath: breakCharPosX.Array.data[1]
      value: -.209999993
      objectReference: {fileID: 0}
    - target: {fileID: 0}
      propertyPath: breakCharPosX.Array.data[2]
      value: .319999993
      objectReference: {fileID: 0}
    - target: {fileID: 0}
      propertyPath: breakCharPosX.Array.data[3]
      value: .150000006
      objectReference: {fileID: 0}
    - target: {fileID: 0}
      propertyPath: breakCharPosY.Array.data[0]
      value: 2.72000003
      objectReference: {fileID: 0}
    - target: {fileID: 0}
      propertyPath: breakCharPosY.Array.data[1]
      value: 1.05999994
      objectReference: {fileID: 0}
    - target: {fileID: 0}
      propertyPath: breakCharPosY.Array.data[2]
      value: -1.47000003
      objectReference: {fileID: 0}
    - target: {fileID: 0}
      propertyPath: breakCharPosY.Array.data[3]
      value: .75999999
      objectReference: {fileID: 0}
    - target: {fileID: 0}
      propertyPath: originalSprite
      value: 
      objectReference: {fileID: 21300000, guid: 628d4a0c68d475c40b7902eabf1bc457,
        type: 3}
    - target: {fileID: 0}
      propertyPath: breakSprite.Array.data[0]
      value: 
      objectReference: {fileID: 21300000, guid: 7f3520bcbbf8a294f9061c1a426aab08,
        type: 3}
    - target: {fileID: 0}
      propertyPath: breakSprite.Array.data[1]
      value: 
      objectReference: {fileID: 21300000, guid: 431abaca67a4ee54eb9b7f6b89640805,
        type: 3}
    - target: {fileID: 0}
      propertyPath: breakSprite.Array.data[2]
      value: 
      objectReference: {fileID: 21300000, guid: 004441e5dbaf14445aee885c5801668d,
        type: 3}
    - target: {fileID: 0}
      propertyPath: m_LocalPosition.z
      value: 0
      objectReference: {fileID: 0}
    - target: {fileID: 0}
      propertyPath: m_SortingOrder
      value: 1
      objectReference: {fileID: 0}
    - target: {fileID: 0}
      propertyPath: BossOnHitSound.Array.data[0]
      value: 42
      objectReference: {fileID: 0}
    m_RemovedComponents: []
  m_ParentPrefab: {fileID: 0}
  m_RootGameObject: {fileID: 116986}
  m_IsPrefabParent: 1
