%YAML 1.1
%TAG !u! tag:unity3d.com,2011:
--- !u!1 &105722
GameObject:
  m_ObjectHideFlags: 0
  m_PrefabParentObject: {fileID: 0}
  m_PrefabInternal: {fileID: 100100000}
  serializedVersion: 4
  m_Component:
  - 4: {fileID: 400658}
  - 212: {fileID: 21226610}
  m_Layer: 0
  m_Name: EnemyEyeOnHit
  m_TagString: Untagged
  m_Icon: {fileID: 0}
  m_NavMeshLayer: 0
  m_StaticEditorFlags: 0
  m_IsActive: 1
--- !u!1 &122532
GameObject:
  m_ObjectHideFlags: 0
  m_PrefabParentObject: {fileID: 0}
  m_PrefabInternal: {fileID: 100100000}
  serializedVersion: 4
  m_Component:
  - 4: {fileID: 471722}
  - 212: {fileID: 21248366}
  m_Layer: 0
  m_Name: EnemyBodyOnTouch
  m_TagString: Untagged
  m_Icon: {fileID: 0}
  m_NavMeshLayer: 0
  m_StaticEditorFlags: 0
  m_IsActive: 1
--- !u!1 &187392
GameObject:
  m_ObjectHideFlags: 0
  m_PrefabParentObject: {fileID: 0}
  m_PrefabInternal: {fileID: 100100000}
  serializedVersion: 4
  m_Component:
  - 4: {fileID: 448376}
  - 212: {fileID: 21249514}
  - 60: {fileID: 6014066}
  m_Layer: 0
  m_Name: EnemyBody
  m_TagString: Untagged
  m_Icon: {fileID: 0}
  m_NavMeshLayer: 0
  m_StaticEditorFlags: 0
  m_IsActive: 1
--- !u!1 &192972
GameObject:
  m_ObjectHideFlags: 0
  m_PrefabParentObject: {fileID: 0}
  m_PrefabInternal: {fileID: 100100000}
  serializedVersion: 4
  m_Component:
  - 4: {fileID: 476120}
  - 95: {fileID: 9521374}
  - 82: {fileID: 8222744}
  - 114: {fileID: 11492942}
  m_Layer: 0
  m_Name: Boss_024
  m_TagString: Untagged
  m_Icon: {fileID: 0}
  m_NavMeshLayer: 0
  m_StaticEditorFlags: 0
  m_IsActive: 1
--- !u!4 &400658
Transform:
  m_ObjectHideFlags: 1
  m_PrefabParentObject: {fileID: 0}
  m_PrefabInternal: {fileID: 100100000}
  m_GameObject: {fileID: 105722}
  m_LocalRotation: {x: 0, y: 0, z: 0, w: 1}
  m_LocalPosition: {x: -0.743, y: 2.496, z: 0}
  m_LocalScale: {x: 1, y: 1, z: 1}
  m_Children: []
  m_Father: {fileID: 476120}
  m_RootOrder: 2
--- !u!4 &448376
Transform:
  m_ObjectHideFlags: 1
  m_PrefabParentObject: {fileID: 0}
  m_PrefabInternal: {fileID: 100100000}
  m_GameObject: {fileID: 187392}
  m_LocalRotation: {x: 0, y: 0, z: 0, w: 1}
  m_LocalPosition: {x: 0, y: 0, z: 0}
  m_LocalScale: {x: 1, y: 1, z: 1}
  m_Children: []
  m_Father: {fileID: 476120}
  m_RootOrder: 1
--- !u!4 &471722
Transform:
  m_ObjectHideFlags: 1
  m_PrefabParentObject: {fileID: 0}
  m_PrefabInternal: {fileID: 100100000}
  m_GameObject: {fileID: 122532}
  m_LocalRotation: {x: 0, y: 0, z: 0, w: 1}
  m_LocalPosition: {x: 1, y: -0.7, z: 1}
  m_LocalScale: {x: 0.668115, y: 0.668115, z: 0.668115}
  m_Children: []
  m_Father: {fileID: 476120}
  m_RootOrder: 0
--- !u!4 &476120
Transform:
  m_ObjectHideFlags: 1
  m_PrefabParentObject: {fileID: 0}
  m_PrefabInternal: {fileID: 100100000}
  m_GameObject: {fileID: 192972}
  m_LocalRotation: {x: 0, y: 0, z: 0, w: 1}
  m_LocalPosition: {x: 0, y: 0, z: 0}
  m_LocalScale: {x: 1, y: 1, z: 1}
  m_Children:
  - {fileID: 471722}
  - {fileID: 448376}
  - {fileID: 400658}
  m_Father: {fileID: 0}
  m_RootOrder: 0
--- !u!60 &6014066
PolygonCollider2D:
  m_ObjectHideFlags: 1
  m_PrefabParentObject: {fileID: 0}
  m_PrefabInternal: {fileID: 100100000}
  m_GameObject: {fileID: 187392}
  m_Enabled: 1
  m_Density: 1
  m_Material: {fileID: 0}
  m_IsTrigger: 0
  m_UsedByEffector: 0
  m_Offset: {x: 0, y: 0}
  m_Points:
    m_Paths:
    - - {x: -1.7667171, y: -1.435029}
      - {x: -1.5967785, y: -1.2011085}
      - {x: -1.7066629, y: -1.1009941}
      - {x: -1.7340419, y: -0.83638346}
      - {x: -1.5424595, y: -0.7641136}
      - {x: -1.5358195, y: -0.62370414}
      - {x: -1.3018408, y: -0.3824817}
      - {x: -1.3347181, y: 0.045796394}
      - {x: -1.2294343, y: 0.30536377}
      - {x: -1.6279385, y: 0.08413392}
      - {x: -1.814684, y: -0.2139839}
      - {x: -1.8310213, y: -0.46441707}
      - {x: -2.0375915, y: -0.6776545}
      - {x: -2.1125135, y: -0.6205297}
      - {x: -2.098417, y: -0.2474148}
      - {x: -2.0091252, y: 0.22223966}
      - {x: -1.9291847, y: 0.40696788}
      - {x: -1.6510557, y: 0.66538596}
      - {x: -1.3988631, y: 0.8415744}
      - {x: -1.667653, y: 0.84553057}
      - {x: -1.832633, y: 0.9876764}
      - {x: -2.0794868, y: 0.7878383}
      - {x: -2.2936616, y: 0.41682845}
      - {x: -2.274702, y: 0.15517184}
      - {x: -2.0473099, y: 0.22696054}
      - {x: -2.1073968, y: -0.11342612}
      - {x: -2.4072487, y: -0.13757949}
      - {x: -2.6466007, y: 0.063471556}
      - {x: -2.7543485, y: 0.48688737}
      - {x: -2.73802, y: 0.9702832}
      - {x: -2.5928838, y: 1.5044563}
      - {x: -2.2576313, y: 1.7876842}
      - {x: -2.5559196, y: 2.2294588}
      - {x: -2.5062144, y: 2.4562066}
      - {x: -3.0041692, y: 2.5902433}
      - {x: -3.0225408, y: 3.4539142}
      - {x: -2.4600608, y: 3.422601}
      - {x: -2.7845402, y: 3.7712479}
      - {x: -2.6709263, y: 3.8233285}
      - {x: -2.2653399, y: 3.4595716}
      - {x: -2.0010138, y: 3.31725}
      - {x: -1.913836, y: 3.3661556}
      - {x: -1.7616527, y: 3.9051642}
      - {x: -1.362999, y: 4.218935}
      - {x: -0.8268684, y: 4.425379}
      - {x: -0.18048203, y: 4.4711695}
      - {x: 0.32661012, y: 4.6112733}
      - {x: 0.57939386, y: 4.3015847}
      - {x: 0.36741108, y: 3.5117774}
      - {x: 0.9395506, y: 3.4432423}
      - {x: 1.3257402, y: 3.655209}
      - {x: 1.9966155, y: 3.969093}
      - {x: 2.590488, y: 4.0239596}
      - {x: 2.9606185, y: 3.923744}
      - {x: 2.969581, y: 0.6626126}
      - {x: 2.673376, y: 0.6862347}
      - {x: 2.6811466, y: 0.99813604}
      - {x: 2.4327562, y: 0.86411476}
      - {x: 1.9946053, y: 0.8774471}
      - {x: 1.9416487, y: 0.74764097}
      - {x: 2.175193, y: 0.38426268}
      - {x: 2.3659258, y: 0.23649442}
      - {x: 2.638553, y: 0.3090754}
      - {x: 2.967116, y: 0.07568222}
      - {x: 3.0049717, y: -2.6221533}
      - {x: 1.59608, y: -1.7218177}
      - {x: 1.3934839, y: -2.89153}
      - {x: 1.5810659, y: -2.7521458}
      - {x: 1.9764543, y: -2.5906637}
      - {x: 2.1940393, y: -2.8195753}
      - {x: 2.933101, y: -2.7538576}
      - {x: 2.906788, y: -3.2887175}
      - {x: 2.5390754, y: -3.4415367}
      - {x: 2.4404745, y: -3.8003907}
      - {x: 2.9162457, y: -4.3466296}
      - {x: 2.9104724, y: -4.9909554}
      - {x: 1.7965347, y: -4.251499}
      - {x: 1.770297, y: -4.4172235}
      - {x: 1.5501965, y: -4.329228}
      - {x: 1.1972101, y: -3.9167092}
      - {x: 0.80559134, y: -3.7965472}
      - {x: 0.56457925, y: -3.2015238}
      - {x: 0.20458704, y: -2.618872}
      - {x: -0.14380282, y: -1.5321666}
      - {x: -0.37761372, y: -1.8122377}
      - {x: -0.72902715, y: -2.0064273}
      - {x: -0.8515814, y: -2.4559064}
      - {x: -0.73059714, y: -3.0608695}
      - {x: -0.47539794, y: -3.7588737}
      - {x: -1.2024745, y: -3.45406}
      - {x: -1.5460715, y: -2.9050157}
      - {x: -1.4773589, y: -2.110197}
      - {x: -1.1473806, y: -1.4693218}
      - {x: -1.2566253, y: -1.387342}
      - {x: -1.7604678, y: -1.5837317}
--- !u!82 &8222744
AudioSource:
  m_ObjectHideFlags: 1
  m_PrefabParentObject: {fileID: 0}
  m_PrefabInternal: {fileID: 100100000}
  m_GameObject: {fileID: 192972}
  m_Enabled: 1
  serializedVersion: 4
  OutputAudioMixerGroup: {fileID: 0}
  m_audioClip: {fileID: 8300000, guid: 650b8112c0c5d4ac7920e4a5af2ab049, type: 3}
  m_PlayOnAwake: 0
  m_Volume: 1
  m_Pitch: 1
  Loop: 0
  Mute: 0
  Spatialize: 0
  Priority: 128
  DopplerLevel: 1
  MinDistance: 1
  MaxDistance: 500
  Pan2D: 0
  rolloffMode: 0
  BypassEffects: 0
  BypassListenerEffects: 0
  BypassReverbZones: 0
  rolloffCustomCurve:
    serializedVersion: 2
    m_Curve:
    - time: 0
      value: 1
      inSlope: 0
      outSlope: 0
      tangentMode: 0
    - time: 1
      value: 0
      inSlope: 0
      outSlope: 0
      tangentMode: 0
    m_PreInfinity: 2
    m_PostInfinity: 2
    m_RotationOrder: 4
  panLevelCustomCurve:
    serializedVersion: 2
    m_Curve:
    - time: 0
      value: 0
      inSlope: 0
      outSlope: 0
      tangentMode: 0
    m_PreInfinity: 2
    m_PostInfinity: 2
    m_RotationOrder: 0
  spreadCustomCurve:
    serializedVersion: 2
    m_Curve:
    - time: 0
      value: 0
      inSlope: 0
      outSlope: 0
      tangentMode: 0
    m_PreInfinity: 2
    m_PostInfinity: 2
    m_RotationOrder: 0
  reverbZoneMixCustomCurve:
    serializedVersion: 2
    m_Curve:
    - time: 0
      value: 1
      inSlope: 0
      outSlope: 0
      tangentMode: 0
    m_PreInfinity: 2
    m_PostInfinity: 2
    m_RotationOrder: 0
--- !u!95 &9521374
Animator:
  serializedVersion: 3
  m_ObjectHideFlags: 1
  m_PrefabParentObject: {fileID: 0}
  m_PrefabInternal: {fileID: 100100000}
  m_GameObject: {fileID: 192972}
  m_Enabled: 1
  m_Avatar: {fileID: 0}
  m_Controller: {fileID: 9100000, guid: d965d9a100d228c4a941d56b9866c6dd, type: 2}
  m_CullingMode: 0
  m_UpdateMode: 0
  m_ApplyRootMotion: 0
  m_LinearVelocityBlending: 0
  m_WarningMessage: 
  m_HasTransformHierarchy: 1
  m_AllowConstantClipSamplingOptimization: 1
--- !u!114 &11492942
MonoBehaviour:
  m_ObjectHideFlags: 1
  m_PrefabParentObject: {fileID: 0}
  m_PrefabInternal: {fileID: 100100000}
  m_GameObject: {fileID: 192972}
  m_Enabled: 1
  m_EditorHideFlags: 0
  m_Script: {fileID: 11500000, guid: 60e2c848cbeb14981be8be93803bd9ca, type: 3}
  m_Name: 
  m_EditorClassIdentifier: 
  spriteRenderer: {fileID: 21249514}
  monsterGirl: {fileID: 192972}
  monsterAnim: {fileID: 9521374}
  breakEffect: {fileID: 185854, guid: 50af462ccb4c74a50b0f28be441aaa7e, type: 2}
  deadEffect: {fileID: 0}
  breakLevel: 0
  originalSprite: {fileID: 21300000, guid: 2bb05c3b3a78b40b69757fde8eb5c35a, type: 3}
  breakCharPosX:
  - -0.4
  - -0.4
  - 0.3
  - 0
  breakCharPosY:
  - 2.3
  - 0.3
  - -1.2
  - 0.5
  BossOnHitSound: 45000000
--- !u!212 &21226610
SpriteRenderer:
  m_ObjectHideFlags: 1
  m_PrefabParentObject: {fileID: 0}
  m_PrefabInternal: {fileID: 100100000}
  m_GameObject: {fileID: 105722}
  m_Enabled: 0
  m_CastShadows: 0
  m_ReceiveShadows: 0
  m_Materials:
  - {fileID: 2100000, guid: 5c618b3bf6bc344eda5f9c8d14f2abf8, type: 2}
  m_SubsetIndices: 
  m_StaticBatchRoot: {fileID: 0}
  m_UseLightProbes: 0
  m_ReflectionProbeUsage: 0
  m_ProbeAnchor: {fileID: 0}
  m_ScaleInLightmap: 1
  m_PreserveUVs: 0
  m_IgnoreNormalsForChartDetection: 0
  m_ImportantGI: 0
  m_MinimumChartSize: 4
  m_AutoUVMaxDistance: 0.5
  m_AutoUVMaxAngle: 89
  m_LightmapParameters: {fileID: 0}
  m_SortingLayerID: -537633153
  m_SortingOrder: 1
  m_Sprite: {fileID: 21300000, guid: 8614999c9ac3c4fd583eae24bfb03e48, type: 3}
  m_Color: {r: 1, g: 1, b: 1, a: 1}
  m_FlipX: 0
  m_FlipY: 0
--- !u!212 &21248366
SpriteRenderer:
  m_ObjectHideFlags: 1
  m_PrefabParentObject: {fileID: 0}
  m_PrefabInternal: {fileID: 100100000}
  m_GameObject: {fileID: 122532}
  m_Enabled: 1
  m_CastShadows: 0
  m_ReceiveShadows: 0
  m_Materials:
  - {fileID: 2100000, guid: 5c618b3bf6bc344eda5f9c8d14f2abf8, type: 2}
  m_SubsetIndices: 
  m_StaticBatchRoot: {fileID: 0}
  m_UseLightProbes: 0
  m_ReflectionProbeUsage: 0
  m_ProbeAnchor: {fileID: 0}
  m_ScaleInLightmap: 1
  m_PreserveUVs: 0
  m_IgnoreNormalsForChartDetection: 0
  m_ImportantGI: 0
  m_MinimumChartSize: 4
  m_AutoUVMaxDistance: 0.5
  m_AutoUVMaxAngle: 89
  m_LightmapParameters: {fileID: 0}
  m_SortingLayerID: -537633153
  m_SortingOrder: 0
  m_Sprite: {fileID: 21300000, guid: 0540242d05b5f463ca68d4198bcbe525, type: 3}
  m_Color: {r: 1, g: 1, b: 1, a: 0}
  m_FlipX: 0
  m_FlipY: 0
--- !u!212 &21249514
SpriteRenderer:
  m_ObjectHideFlags: 1
  m_PrefabParentObject: {fileID: 0}
  m_PrefabInternal: {fileID: 100100000}
  m_GameObject: {fileID: 187392}
  m_Enabled: 1
  m_CastShadows: 0
  m_ReceiveShadows: 0
  m_Materials:
  - {fileID: 2100000, guid: 5c618b3bf6bc344eda5f9c8d14f2abf8, type: 2}
  m_SubsetIndices: 
  m_StaticBatchRoot: {fileID: 0}
  m_UseLightProbes: 0
  m_ReflectionProbeUsage: 0
  m_ProbeAnchor: {fileID: 0}
  m_ScaleInLightmap: 1
  m_PreserveUVs: 0
  m_IgnoreNormalsForChartDetection: 0
  m_ImportantGI: 0
  m_MinimumChartSize: 4
  m_AutoUVMaxDistance: 0.5
  m_AutoUVMaxAngle: 89
  m_LightmapParameters: {fileID: 0}
  m_SortingLayerID: -537633153
  m_SortingOrder: 0
  m_Sprite: {fileID: 21300000, guid: 2bb05c3b3a78b40b69757fde8eb5c35a, type: 3}
  m_Color: {r: 1, g: 1, b: 1, a: 1}
  m_FlipX: 0
  m_FlipY: 0
--- !u!1001 &100100000
Prefab:
  m_ObjectHideFlags: 1
  serializedVersion: 2
  m_Modification:
    m_TransformParent: {fileID: 0}
    m_Modifications: []
    m_RemovedComponents: []
  m_ParentPrefab: {fileID: 0}
  m_RootGameObject: {fileID: 192972}
  m_IsPrefabParent: 1
