%YAML 1.1
%TAG !u! tag:unity3d.com,2011:
--- !u!1 &109148
GameObject:
  m_ObjectHideFlags: 0
  m_PrefabParentObject: {fileID: 0}
  m_PrefabInternal: {fileID: 100100000}
  serializedVersion: 4
  m_Component:
  - 4: {fileID: 482172}
  - 212: {fileID: 21245624}
  m_Layer: 0
  m_Name: EnemyBodyOnTouch
  m_TagString: Untagged
  m_Icon: {fileID: 0}
  m_NavMeshLayer: 0
  m_StaticEditorFlags: 0
  m_IsActive: 1
--- !u!1 &111284
GameObject:
  m_ObjectHideFlags: 0
  m_PrefabParentObject: {fileID: 0}
  m_PrefabInternal: {fileID: 100100000}
  serializedVersion: 4
  m_Component:
  - 4: {fileID: 477800}
  - 212: {fileID: 21240950}
  m_Layer: 0
  m_Name: EnemyEyeOnHit
  m_TagString: Untagged
  m_Icon: {fileID: 0}
  m_NavMeshLayer: 0
  m_StaticEditorFlags: 0
  m_IsActive: 1
--- !u!1 &159470
GameObject:
  m_ObjectHideFlags: 0
  m_PrefabParentObject: {fileID: 0}
  m_PrefabInternal: {fileID: 100100000}
  serializedVersion: 4
  m_Component:
  - 4: {fileID: 405820}
  - 212: {fileID: 21229364}
  - 60: {fileID: 6042530}
  m_Layer: 0
  m_Name: EnemyBody
  m_TagString: Untagged
  m_Icon: {fileID: 0}
  m_NavMeshLayer: 0
  m_StaticEditorFlags: 0
  m_IsActive: 1
--- !u!1 &175460
GameObject:
  m_ObjectHideFlags: 0
  m_PrefabParentObject: {fileID: 0}
  m_PrefabInternal: {fileID: 100100000}
  serializedVersion: 4
  m_Component:
  - 4: {fileID: 407262}
  - 95: {fileID: 9590812}
  - 82: {fileID: 8281718}
  - 114: {fileID: 11475146}
  m_Layer: 0
  m_Name: Boss_022
  m_TagString: Untagged
  m_Icon: {fileID: 0}
  m_NavMeshLayer: 0
  m_StaticEditorFlags: 0
  m_IsActive: 1
--- !u!4 &405820
Transform:
  m_ObjectHideFlags: 1
  m_PrefabParentObject: {fileID: 0}
  m_PrefabInternal: {fileID: 100100000}
  m_GameObject: {fileID: 159470}
  m_LocalRotation: {x: 0, y: 0, z: 0, w: 1}
  m_LocalPosition: {x: 0, y: 0, z: 0}
  m_LocalScale: {x: 1, y: 1, z: 1}
  m_Children: []
  m_Father: {fileID: 407262}
  m_RootOrder: 1
--- !u!4 &407262
Transform:
  m_ObjectHideFlags: 1
  m_PrefabParentObject: {fileID: 0}
  m_PrefabInternal: {fileID: 100100000}
  m_GameObject: {fileID: 175460}
  m_LocalRotation: {x: 0, y: 0, z: 0, w: 1}
  m_LocalPosition: {x: 0, y: 0, z: 0}
  m_LocalScale: {x: 1, y: 1, z: 1}
  m_Children:
  - {fileID: 482172}
  - {fileID: 405820}
  - {fileID: 477800}
  m_Father: {fileID: 0}
  m_RootOrder: 0
--- !u!4 &477800
Transform:
  m_ObjectHideFlags: 1
  m_PrefabParentObject: {fileID: 0}
  m_PrefabInternal: {fileID: 100100000}
  m_GameObject: {fileID: 111284}
  m_LocalRotation: {x: 0, y: 0, z: 0, w: 1}
  m_LocalPosition: {x: 0.125, y: 2.618, z: 0}
  m_LocalScale: {x: 1, y: 1, z: 1}
  m_Children: []
  m_Father: {fileID: 407262}
  m_RootOrder: 2
--- !u!4 &482172
Transform:
  m_ObjectHideFlags: 1
  m_PrefabParentObject: {fileID: 0}
  m_PrefabInternal: {fileID: 100100000}
  m_GameObject: {fileID: 109148}
  m_LocalRotation: {x: 0, y: 0, z: 0, w: 1}
  m_LocalPosition: {x: 0.297, y: 0.118, z: 1}
  m_LocalScale: {x: 0.6159471, y: 0.6159471, z: 0.9476109}
  m_Children: []
  m_Father: {fileID: 407262}
  m_RootOrder: 0
--- !u!60 &6042530
PolygonCollider2D:
  m_ObjectHideFlags: 1
  m_PrefabParentObject: {fileID: 0}
  m_PrefabInternal: {fileID: 100100000}
  m_GameObject: {fileID: 159470}
  m_Enabled: 1
  m_Density: 1
  m_Material: {fileID: 0}
  m_IsTrigger: 0
  m_UsedByEffector: 0
  m_Offset: {x: 0, y: 0}
  m_Points:
    m_Paths:
    - - {x: -2.4704351, y: -0.92352873}
      - {x: -2.6816776, y: -0.71911997}
      - {x: -2.8372326, y: -0.4526107}
      - {x: -2.8353288, y: 0.3612356}
      - {x: -2.6427355, y: 0.6491465}
      - {x: -2.9844425, y: 0.5970397}
      - {x: -3.0007546, y: 1.3257492}
      - {x: -2.612802, y: 1.4224445}
      - {x: -2.7433233, y: 1.601387}
      - {x: -2.733926, y: 2.001481}
      - {x: -2.4186542, y: 2.357099}
      - {x: -1.698927, y: 2.4940078}
      - {x: -1.2654828, y: 2.2850008}
      - {x: -1.1944315, y: 2.4159682}
      - {x: -1.1780914, y: 2.6503067}
      - {x: -0.9014311, y: 2.796415}
      - {x: -0.57512593, y: 2.9121242}
      - {x: -0.47848666, y: 3.1340566}
      - {x: 0.011817038, y: 3.3223643}
      - {x: 0.482068, y: 3.1921017}
      - {x: 0.7605511, y: 2.8030515}
      - {x: 0.97467875, y: 2.6422806}
      - {x: 1.0012467, y: 2.3406427}
      - {x: 0.86967915, y: 2.1808956}
      - {x: 1.0839974, y: 2.1054885}
      - {x: 1.49846, y: 2.2227547}
      - {x: 2.028664, y: 2.3560438}
      - {x: 2.4431994, y: 2.2888138}
      - {x: 2.8394578, y: 2.0215364}
      - {x: 2.8167427, y: 0.93917215}
      - {x: 2.4512246, y: 0.5733325}
      - {x: 2.083051, y: 0.5659117}
      - {x: 2.1181886, y: 0.2597803}
      - {x: 2.396022, y: 0.278487}
      - {x: 2.5671444, y: 0.039839044}
      - {x: 2.18796, y: -0.02415055}
      - {x: 2.219069, y: -0.20848894}
      - {x: 1.9639512, y: -0.22807056}
      - {x: 2.023107, y: -0.39936775}
      - {x: 2.4653997, y: -0.4494395}
      - {x: 2.8941116, y: -0.5306802}
      - {x: 2.8869095, y: -0.78284264}
      - {x: 2.4457684, y: -0.6358384}
      - {x: 2.0653942, y: -0.67426646}
      - {x: 2.3332472, y: -1.381947}
      - {x: 2.5747128, y: -1.763118}
      - {x: 2.4692314, y: -1.94692}
      - {x: 2.6365356, y: -2.072741}
      - {x: 2.7345064, y: -2.3942587}
      - {x: 2.7135217, y: -2.8344436}
      - {x: 2.5514674, y: -3.1795003}
      - {x: 2.0408092, y: -3.3481324}
      - {x: 1.5557574, y: -3.5785296}
      - {x: 1.1823422, y: -3.4104614}
      - {x: 1.0417304, y: -3.7644105}
      - {x: 0.6793877, y: -4.079728}
      - {x: 0.22000074, y: -4.2096953}
      - {x: -0.06767121, y: -4.4771137}
      - {x: -0.48103097, y: -4.6178236}
      - {x: -0.59819007, y: -5.0498285}
      - {x: -2.104879, y: -5.040819}
      - {x: -1.8366481, y: -4.711972}
      - {x: -1.9079907, y: -4.5405765}
      - {x: -2.136575, y: -4.3438993}
      - {x: -2.2227364, y: -4.147596}
      - {x: -2.0708542, y: -4.057789}
      - {x: -1.6488702, y: -4.0881453}
      - {x: -1.533756, y: -3.7533798}
      - {x: -1.5914268, y: -3.0407453}
      - {x: -1.5745473, y: -2.5865598}
      - {x: -1.9073808, y: -2.8822696}
      - {x: -1.9373219, y: -3.3487606}
      - {x: -2.0775216, y: -3.8594763}
      - {x: -2.417974, y: -4.298259}
      - {x: -2.8893125, y: -4.594077}
      - {x: -2.8732293, y: -4.074085}
      - {x: -2.6137266, y: -3.4385583}
      - {x: -2.1543174, y: -2.889489}
      - {x: -2.1250532, y: -2.5462708}
      - {x: -1.9689192, y: -1.9378716}
      - {x: -2.4486194, y: -2.4360874}
      - {x: -2.8461058, y: -3.0164862}
      - {x: -2.872152, y: -1.4504342}
      - {x: -2.6483412, y: -1.3227504}
--- !u!82 &8281718
AudioSource:
  m_ObjectHideFlags: 1
  m_PrefabParentObject: {fileID: 0}
  m_PrefabInternal: {fileID: 100100000}
  m_GameObject: {fileID: 175460}
  m_Enabled: 1
  serializedVersion: 4
  OutputAudioMixerGroup: {fileID: 0}
  m_audioClip: {fileID: 8300000, guid: 650b8112c0c5d4ac7920e4a5af2ab049, type: 3}
  m_PlayOnAwake: 0
  m_Volume: 1
  m_Pitch: 1
  Loop: 0
  Mute: 0
  Spatialize: 0
  Priority: 128
  DopplerLevel: 1
  MinDistance: 1
  MaxDistance: 500
  Pan2D: 0
  rolloffMode: 0
  BypassEffects: 0
  BypassListenerEffects: 0
  BypassReverbZones: 0
  rolloffCustomCurve:
    serializedVersion: 2
    m_Curve:
    - time: 0
      value: 1
      inSlope: 0
      outSlope: 0
      tangentMode: 0
    - time: 1
      value: 0
      inSlope: 0
      outSlope: 0
      tangentMode: 0
    m_PreInfinity: 2
    m_PostInfinity: 2
    m_RotationOrder: 4
  panLevelCustomCurve:
    serializedVersion: 2
    m_Curve:
    - time: 0
      value: 0
      inSlope: 0
      outSlope: 0
      tangentMode: 0
    m_PreInfinity: 2
    m_PostInfinity: 2
    m_RotationOrder: 0
  spreadCustomCurve:
    serializedVersion: 2
    m_Curve:
    - time: 0
      value: 0
      inSlope: 0
      outSlope: 0
      tangentMode: 0
    m_PreInfinity: 2
    m_PostInfinity: 2
    m_RotationOrder: 0
  reverbZoneMixCustomCurve:
    serializedVersion: 2
    m_Curve:
    - time: 0
      value: 1
      inSlope: 0
      outSlope: 0
      tangentMode: 0
    m_PreInfinity: 2
    m_PostInfinity: 2
    m_RotationOrder: 0
--- !u!95 &9590812
Animator:
  serializedVersion: 3
  m_ObjectHideFlags: 1
  m_PrefabParentObject: {fileID: 0}
  m_PrefabInternal: {fileID: 100100000}
  m_GameObject: {fileID: 175460}
  m_Enabled: 1
  m_Avatar: {fileID: 0}
  m_Controller: {fileID: 9100000, guid: d965d9a100d228c4a941d56b9866c6dd, type: 2}
  m_CullingMode: 0
  m_UpdateMode: 0
  m_ApplyRootMotion: 0
  m_LinearVelocityBlending: 0
  m_WarningMessage: 
  m_HasTransformHierarchy: 1
  m_AllowConstantClipSamplingOptimization: 1
--- !u!114 &11475146
MonoBehaviour:
  m_ObjectHideFlags: 1
  m_PrefabParentObject: {fileID: 0}
  m_PrefabInternal: {fileID: 100100000}
  m_GameObject: {fileID: 175460}
  m_Enabled: 1
  m_EditorHideFlags: 0
  m_Script: {fileID: 11500000, guid: 60e2c848cbeb14981be8be93803bd9ca, type: 3}
  m_Name: 
  m_EditorClassIdentifier: 
  spriteRenderer: {fileID: 21229364}
  monsterGirl: {fileID: 175460}
  monsterAnim: {fileID: 9590812}
  breakEffect: {fileID: 185854, guid: 50af462ccb4c74a50b0f28be441aaa7e, type: 2}
  deadEffect: {fileID: 0}
  breakLevel: 0
  originalSprite: {fileID: 21300000, guid: 413f1e48e4d9e4881b378e874697c69d, type: 3}
  breakCharPosX:
  - 0
  - 0.1
  - 0.1
  - 0
  breakCharPosY:
  - 2.3
  - 1
  - -0.5
  - 0.1
  BossOnHitSound: 43000000
--- !u!212 &21229364
SpriteRenderer:
  m_ObjectHideFlags: 1
  m_PrefabParentObject: {fileID: 0}
  m_PrefabInternal: {fileID: 100100000}
  m_GameObject: {fileID: 159470}
  m_Enabled: 1
  m_CastShadows: 0
  m_ReceiveShadows: 0
  m_Materials:
  - {fileID: 2100000, guid: 5c618b3bf6bc344eda5f9c8d14f2abf8, type: 2}
  m_SubsetIndices: 
  m_StaticBatchRoot: {fileID: 0}
  m_UseLightProbes: 0
  m_ReflectionProbeUsage: 0
  m_ProbeAnchor: {fileID: 0}
  m_ScaleInLightmap: 1
  m_PreserveUVs: 0
  m_IgnoreNormalsForChartDetection: 0
  m_ImportantGI: 0
  m_MinimumChartSize: 4
  m_AutoUVMaxDistance: 0.5
  m_AutoUVMaxAngle: 89
  m_LightmapParameters: {fileID: 0}
  m_SortingLayerID: -537633153
  m_SortingOrder: 0
  m_Sprite: {fileID: 21300000, guid: 413f1e48e4d9e4881b378e874697c69d, type: 3}
  m_Color: {r: 1, g: 1, b: 1, a: 1}
  m_FlipX: 0
  m_FlipY: 0
--- !u!212 &21240950
SpriteRenderer:
  m_ObjectHideFlags: 1
  m_PrefabParentObject: {fileID: 0}
  m_PrefabInternal: {fileID: 100100000}
  m_GameObject: {fileID: 111284}
  m_Enabled: 0
  m_CastShadows: 0
  m_ReceiveShadows: 0
  m_Materials:
  - {fileID: 2100000, guid: 5c618b3bf6bc344eda5f9c8d14f2abf8, type: 2}
  m_SubsetIndices: 
  m_StaticBatchRoot: {fileID: 0}
  m_UseLightProbes: 0
  m_ReflectionProbeUsage: 0
  m_ProbeAnchor: {fileID: 0}
  m_ScaleInLightmap: 1
  m_PreserveUVs: 0
  m_IgnoreNormalsForChartDetection: 0
  m_ImportantGI: 0
  m_MinimumChartSize: 4
  m_AutoUVMaxDistance: 0.5
  m_AutoUVMaxAngle: 89
  m_LightmapParameters: {fileID: 0}
  m_SortingLayerID: -537633153
  m_SortingOrder: 1
  m_Sprite: {fileID: 21300000, guid: 69b6e579c701c48dbb45c03f3e848dff, type: 3}
  m_Color: {r: 1, g: 1, b: 1, a: 1}
  m_FlipX: 0
  m_FlipY: 0
--- !u!212 &21245624
SpriteRenderer:
  m_ObjectHideFlags: 1
  m_PrefabParentObject: {fileID: 0}
  m_PrefabInternal: {fileID: 100100000}
  m_GameObject: {fileID: 109148}
  m_Enabled: 1
  m_CastShadows: 0
  m_ReceiveShadows: 0
  m_Materials:
  - {fileID: 2100000, guid: 5c618b3bf6bc344eda5f9c8d14f2abf8, type: 2}
  m_SubsetIndices: 
  m_StaticBatchRoot: {fileID: 0}
  m_UseLightProbes: 0
  m_ReflectionProbeUsage: 0
  m_ProbeAnchor: {fileID: 0}
  m_ScaleInLightmap: 1
  m_PreserveUVs: 0
  m_IgnoreNormalsForChartDetection: 0
  m_ImportantGI: 0
  m_MinimumChartSize: 4
  m_AutoUVMaxDistance: 0.5
  m_AutoUVMaxAngle: 89
  m_LightmapParameters: {fileID: 0}
  m_SortingLayerID: -537633153
  m_SortingOrder: 0
  m_Sprite: {fileID: 21300000, guid: 464cdb55ac6ca4434aa64d92c286f5d3, type: 3}
  m_Color: {r: 1, g: 1, b: 1, a: 0}
  m_FlipX: 0
  m_FlipY: 0
--- !u!1001 &100100000
Prefab:
  m_ObjectHideFlags: 1
  serializedVersion: 2
  m_Modification:
    m_TransformParent: {fileID: 0}
    m_Modifications: []
    m_RemovedComponents: []
  m_ParentPrefab: {fileID: 0}
  m_RootGameObject: {fileID: 175460}
  m_IsPrefabParent: 1
