%YAML 1.1
%TAG !u! tag:unity3d.com,2011:
--- !u!1 &125344
GameObject:
  m_ObjectHideFlags: 0
  m_PrefabParentObject: {fileID: 0}
  m_PrefabInternal: {fileID: 100100000}
  serializedVersion: 4
  m_Component:
  - 4: {fileID: 415468}
  - 212: {fileID: 21203796}
  - 60: {fileID: 6021518}
  m_Layer: 0
  m_Name: EnemyBody
  m_TagString: Untagged
  m_Icon: {fileID: 0}
  m_NavMeshLayer: 0
  m_StaticEditorFlags: 0
  m_IsActive: 1
--- !u!1 &168124
GameObject:
  m_ObjectHideFlags: 0
  m_PrefabParentObject: {fileID: 0}
  m_PrefabInternal: {fileID: 100100000}
  serializedVersion: 4
  m_Component:
  - 4: {fileID: 498566}
  - 212: {fileID: 21270582}
  m_Layer: 0
  m_Name: EnemyBodyOnTouch
  m_TagString: Untagged
  m_Icon: {fileID: 0}
  m_NavMeshLayer: 0
  m_StaticEditorFlags: 0
  m_IsActive: 1
--- !u!1 &189392
GameObject:
  m_ObjectHideFlags: 0
  m_PrefabParentObject: {fileID: 0}
  m_PrefabInternal: {fileID: 100100000}
  serializedVersion: 4
  m_Component:
  - 4: {fileID: 492122}
  - 212: {fileID: 21272982}
  m_Layer: 0
  m_Name: EnemyEyeOnHit
  m_TagString: Untagged
  m_Icon: {fileID: 0}
  m_NavMeshLayer: 0
  m_StaticEditorFlags: 0
  m_IsActive: 1
--- !u!1 &189676
GameObject:
  m_ObjectHideFlags: 0
  m_PrefabParentObject: {fileID: 0}
  m_PrefabInternal: {fileID: 100100000}
  serializedVersion: 4
  m_Component:
  - 4: {fileID: 407054}
  - 95: {fileID: 9537256}
  - 82: {fileID: 8275258}
  - 114: {fileID: 11438128}
  m_Layer: 0
  m_Name: Boss_007
  m_TagString: Untagged
  m_Icon: {fileID: 0}
  m_NavMeshLayer: 0
  m_StaticEditorFlags: 0
  m_IsActive: 1
--- !u!4 &407054
Transform:
  m_ObjectHideFlags: 1
  m_PrefabParentObject: {fileID: 0}
  m_PrefabInternal: {fileID: 100100000}
  m_GameObject: {fileID: 189676}
  m_LocalRotation: {x: 0, y: 0, z: 0, w: 1}
  m_LocalPosition: {x: 0, y: 0, z: 0}
  m_LocalScale: {x: 1, y: 1, z: 1}
  m_Children:
  - {fileID: 498566}
  - {fileID: 415468}
  - {fileID: 492122}
  m_Father: {fileID: 0}
  m_RootOrder: 0
--- !u!4 &415468
Transform:
  m_ObjectHideFlags: 1
  m_PrefabParentObject: {fileID: 0}
  m_PrefabInternal: {fileID: 100100000}
  m_GameObject: {fileID: 125344}
  m_LocalRotation: {x: 0, y: 0, z: 0, w: 1}
  m_LocalPosition: {x: 0, y: 0, z: 0}
  m_LocalScale: {x: 1, y: 1, z: 1}
  m_Children: []
  m_Father: {fileID: 407054}
  m_RootOrder: 1
--- !u!4 &492122
Transform:
  m_ObjectHideFlags: 1
  m_PrefabParentObject: {fileID: 0}
  m_PrefabInternal: {fileID: 100100000}
  m_GameObject: {fileID: 189392}
  m_LocalRotation: {x: 0, y: 0, z: 0, w: 1}
  m_LocalPosition: {x: -0.009, y: 2.832, z: 0}
  m_LocalScale: {x: 1, y: 1, z: 1}
  m_Children: []
  m_Father: {fileID: 407054}
  m_RootOrder: 2
--- !u!4 &498566
Transform:
  m_ObjectHideFlags: 1
  m_PrefabParentObject: {fileID: 0}
  m_PrefabInternal: {fileID: 100100000}
  m_GameObject: {fileID: 168124}
  m_LocalRotation: {x: 0, y: 0, z: 0, w: 1}
  m_LocalPosition: {x: -0.22, y: -0.42, z: 1}
  m_LocalScale: {x: 0.834278, y: 0.8325711, z: 1}
  m_Children: []
  m_Father: {fileID: 407054}
  m_RootOrder: 0
--- !u!60 &6021518
PolygonCollider2D:
  m_ObjectHideFlags: 1
  m_PrefabParentObject: {fileID: 0}
  m_PrefabInternal: {fileID: 100100000}
  m_GameObject: {fileID: 125344}
  m_Enabled: 1
  m_Density: 1
  m_Material: {fileID: 0}
  m_IsTrigger: 0
  m_UsedByEffector: 0
  m_Offset: {x: 0, y: 0}
  m_Points:
    m_Paths:
    - - {x: -2.2065928, y: 4.82012}
      - {x: -1.4224786, y: 4.6182127}
      - {x: -1.080528, y: 3.794986}
      - {x: -0.51628727, y: 3.7126734}
      - {x: 0.1918641, y: 3.9152422}
      - {x: 0.5500469, y: 3.7014208}
      - {x: 1.5540028, y: 3.6900775}
      - {x: 2.0181708, y: 3.4556763}
      - {x: 2.3224719, y: 2.9605281}
      - {x: 2.474236, y: 2.2846253}
      - {x: 2.9077506, y: 2.1788185}
      - {x: 2.910257, y: -4.69991}
      - {x: 2.0359898, y: -4.738988}
      - {x: 2.1665473, y: -4.2725525}
      - {x: 1.4397709, y: -3.91456}
      - {x: 0.72452176, y: -3.2908163}
      - {x: 0.26798636, y: -2.4756432}
      - {x: 0.13584153, y: -1.8531032}
      - {x: -0.46713734, y: -1.4876615}
      - {x: -0.21892324, y: -0.99866974}
      - {x: -0.30613422, y: -0.74800354}
      - {x: -0.6643822, y: -1.1279204}
      - {x: -1.415743, y: -2.4019506}
      - {x: -1.8582985, y: -2.8844492}
      - {x: -1.7244004, y: -3.2369714}
      - {x: -2.2840476, y: -3.6326067}
      - {x: -2.5283372, y: -4.2906523}
      - {x: -2.3169918, y: -4.6064525}
      - {x: -2.96552, y: -4.757665}
      - {x: -2.887097, y: -2.5301285}
      - {x: -2.5974336, y: -2.5664787}
      - {x: -1.9513737, y: -1.90488}
      - {x: -1.5756295, y: -0.18632984}
      - {x: -1.714064, y: 0.44690013}
      - {x: -1.4825922, y: 0.9335588}
      - {x: -1.7083106, y: 1.2295327}
      - {x: -2.1229727, y: 0.8946221}
      - {x: -2.932165, y: 0.5032606}
      - {x: -2.8965034, y: 4.712665}
--- !u!82 &8275258
AudioSource:
  m_ObjectHideFlags: 1
  m_PrefabParentObject: {fileID: 0}
  m_PrefabInternal: {fileID: 100100000}
  m_GameObject: {fileID: 189676}
  m_Enabled: 1
  serializedVersion: 4
  OutputAudioMixerGroup: {fileID: 0}
  m_audioClip: {fileID: 8300000, guid: 650b8112c0c5d4ac7920e4a5af2ab049, type: 3}
  m_PlayOnAwake: 0
  m_Volume: 1
  m_Pitch: 1
  Loop: 0
  Mute: 0
  Spatialize: 0
  Priority: 128
  DopplerLevel: 1
  MinDistance: 1
  MaxDistance: 500
  Pan2D: 0
  rolloffMode: 0
  BypassEffects: 0
  BypassListenerEffects: 0
  BypassReverbZones: 0
  rolloffCustomCurve:
    serializedVersion: 2
    m_Curve:
    - time: 0
      value: 1
      inSlope: 0
      outSlope: 0
      tangentMode: 0
    - time: 1
      value: 0
      inSlope: 0
      outSlope: 0
      tangentMode: 0
    m_PreInfinity: 2
    m_PostInfinity: 2
    m_RotationOrder: 4
  panLevelCustomCurve:
    serializedVersion: 2
    m_Curve:
    - time: 0
      value: 0
      inSlope: 0
      outSlope: 0
      tangentMode: 0
    m_PreInfinity: 2
    m_PostInfinity: 2
    m_RotationOrder: 0
  spreadCustomCurve:
    serializedVersion: 2
    m_Curve:
    - time: 0
      value: 0
      inSlope: 0
      outSlope: 0
      tangentMode: 0
    m_PreInfinity: 2
    m_PostInfinity: 2
    m_RotationOrder: 4
  reverbZoneMixCustomCurve:
    serializedVersion: 2
    m_Curve:
    - time: 0
      value: 1
      inSlope: 0
      outSlope: 0
      tangentMode: 0
    m_PreInfinity: 2
    m_PostInfinity: 2
    m_RotationOrder: 0
--- !u!95 &9537256
Animator:
  serializedVersion: 3
  m_ObjectHideFlags: 1
  m_PrefabParentObject: {fileID: 0}
  m_PrefabInternal: {fileID: 100100000}
  m_GameObject: {fileID: 189676}
  m_Enabled: 1
  m_Avatar: {fileID: 0}
  m_Controller: {fileID: 9100000, guid: d965d9a100d228c4a941d56b9866c6dd, type: 2}
  m_CullingMode: 0
  m_UpdateMode: 0
  m_ApplyRootMotion: 0
  m_LinearVelocityBlending: 0
  m_WarningMessage: 
  m_HasTransformHierarchy: 1
  m_AllowConstantClipSamplingOptimization: 1
--- !u!114 &11438128
MonoBehaviour:
  m_ObjectHideFlags: 1
  m_PrefabParentObject: {fileID: 0}
  m_PrefabInternal: {fileID: 100100000}
  m_GameObject: {fileID: 189676}
  m_Enabled: 1
  m_EditorHideFlags: 0
  m_Script: {fileID: 11500000, guid: 60e2c848cbeb14981be8be93803bd9ca, type: 3}
  m_Name: 
  m_EditorClassIdentifier: 
  spriteRenderer: {fileID: 21203796}
  monsterGirl: {fileID: 189676}
  monsterAnim: {fileID: 9537256}
  breakEffect: {fileID: 185854, guid: 50af462ccb4c74a50b0f28be441aaa7e, type: 2}
  deadEffect: {fileID: 0}
  breakLevel: 0
  originalSprite: {fileID: 21300000, guid: 7214ac3f8e0ede14c8e409d7a38383a5, type: 3}
  breakCharPosX:
  - -0.02
  - -0.17
  - -0.4
  - -0.1
  breakCharPosY:
  - 2.81
  - 1.44
  - 0.09
  - 0.79
  BossOnHitSound: 28000000
--- !u!212 &21203796
SpriteRenderer:
  m_ObjectHideFlags: 1
  m_PrefabParentObject: {fileID: 0}
  m_PrefabInternal: {fileID: 100100000}
  m_GameObject: {fileID: 125344}
  m_Enabled: 1
  m_CastShadows: 0
  m_ReceiveShadows: 0
  m_Materials:
  - {fileID: 2100000, guid: 5c618b3bf6bc344eda5f9c8d14f2abf8, type: 2}
  m_SubsetIndices: 
  m_StaticBatchRoot: {fileID: 0}
  m_UseLightProbes: 0
  m_ReflectionProbeUsage: 0
  m_ProbeAnchor: {fileID: 0}
  m_ScaleInLightmap: 1
  m_PreserveUVs: 0
  m_IgnoreNormalsForChartDetection: 0
  m_ImportantGI: 0
  m_MinimumChartSize: 4
  m_AutoUVMaxDistance: 0.5
  m_AutoUVMaxAngle: 89
  m_LightmapParameters: {fileID: 0}
  m_SortingLayerID: -537633153
  m_SortingOrder: 0
  m_Sprite: {fileID: 21300000, guid: 7214ac3f8e0ede14c8e409d7a38383a5, type: 3}
  m_Color: {r: 1, g: 1, b: 1, a: 1}
  m_FlipX: 0
  m_FlipY: 0
--- !u!212 &21270582
SpriteRenderer:
  m_ObjectHideFlags: 1
  m_PrefabParentObject: {fileID: 0}
  m_PrefabInternal: {fileID: 100100000}
  m_GameObject: {fileID: 168124}
  m_Enabled: 1
  m_CastShadows: 0
  m_ReceiveShadows: 0
  m_Materials:
  - {fileID: 2100000, guid: 5c618b3bf6bc344eda5f9c8d14f2abf8, type: 2}
  m_SubsetIndices: 
  m_StaticBatchRoot: {fileID: 0}
  m_UseLightProbes: 0
  m_ReflectionProbeUsage: 0
  m_ProbeAnchor: {fileID: 0}
  m_ScaleInLightmap: 1
  m_PreserveUVs: 0
  m_IgnoreNormalsForChartDetection: 0
  m_ImportantGI: 0
  m_MinimumChartSize: 4
  m_AutoUVMaxDistance: 0.5
  m_AutoUVMaxAngle: 89
  m_LightmapParameters: {fileID: 0}
  m_SortingLayerID: -537633153
  m_SortingOrder: 0
  m_Sprite: {fileID: 21300000, guid: 7b606239d138683418b2d26514b0f1dc, type: 3}
  m_Color: {r: 1, g: 1, b: 1, a: 0}
  m_FlipX: 0
  m_FlipY: 0
--- !u!212 &21272982
SpriteRenderer:
  m_ObjectHideFlags: 1
  m_PrefabParentObject: {fileID: 0}
  m_PrefabInternal: {fileID: 100100000}
  m_GameObject: {fileID: 189392}
  m_Enabled: 0
  m_CastShadows: 0
  m_ReceiveShadows: 0
  m_Materials:
  - {fileID: 2100000, guid: 5c618b3bf6bc344eda5f9c8d14f2abf8, type: 2}
  m_SubsetIndices: 
  m_StaticBatchRoot: {fileID: 0}
  m_UseLightProbes: 0
  m_ReflectionProbeUsage: 0
  m_ProbeAnchor: {fileID: 0}
  m_ScaleInLightmap: 1
  m_PreserveUVs: 0
  m_IgnoreNormalsForChartDetection: 0
  m_ImportantGI: 0
  m_MinimumChartSize: 4
  m_AutoUVMaxDistance: 0.5
  m_AutoUVMaxAngle: 89
  m_LightmapParameters: {fileID: 0}
  m_SortingLayerID: -537633153
  m_SortingOrder: 1
  m_Sprite: {fileID: 21300000, guid: 9b38b654b9fb14344b428dcaba0ec446, type: 3}
  m_Color: {r: 1, g: 1, b: 1, a: 1}
  m_FlipX: 0
  m_FlipY: 0
--- !u!1001 &100100000
Prefab:
  m_ObjectHideFlags: 1
  serializedVersion: 2
  m_Modification:
    m_TransformParent: {fileID: 0}
    m_Modifications:
    - target: {fileID: 0}
      propertyPath: breakSprite.Array.size
      value: 3
      objectReference: {fileID: 0}
    - target: {fileID: 0}
      propertyPath: breakCharPosX.Array.size
      value: 4
      objectReference: {fileID: 0}
    - target: {fileID: 0}
      propertyPath: breakCharPosY.Array.size
      value: 4
      objectReference: {fileID: 0}
    - target: {fileID: 0}
      propertyPath: BossOnHitSound.Array.size
      value: 1
      objectReference: {fileID: 0}
    - target: {fileID: 0}
      propertyPath: m_Enabled
      value: 1
      objectReference: {fileID: 0}
    - target: {fileID: 0}
      propertyPath: breakCharPosX.Array.data[0]
      value: -.0199999996
      objectReference: {fileID: 0}
    - target: {fileID: 0}
      propertyPath: breakCharPosX.Array.data[1]
      value: -.170000002
      objectReference: {fileID: 0}
    - target: {fileID: 0}
      propertyPath: breakCharPosX.Array.data[2]
      value: -.400000006
      objectReference: {fileID: 0}
    - target: {fileID: 0}
      propertyPath: breakCharPosX.Array.data[3]
      value: -.100000001
      objectReference: {fileID: 0}
    - target: {fileID: 0}
      propertyPath: breakCharPosY.Array.data[0]
      value: 2.80999994
      objectReference: {fileID: 0}
    - target: {fileID: 0}
      propertyPath: breakCharPosY.Array.data[1]
      value: 1.44000006
      objectReference: {fileID: 0}
    - target: {fileID: 0}
      propertyPath: breakCharPosY.Array.data[2]
      value: .0900000036
      objectReference: {fileID: 0}
    - target: {fileID: 0}
      propertyPath: breakCharPosY.Array.data[3]
      value: .790000021
      objectReference: {fileID: 0}
    - target: {fileID: 0}
      propertyPath: originalSprite
      value: 
      objectReference: {fileID: 21300000, guid: 7214ac3f8e0ede14c8e409d7a38383a5,
        type: 3}
    - target: {fileID: 0}
      propertyPath: breakSprite.Array.data[0]
      value: 
      objectReference: {fileID: 21300000, guid: 574ae7d439b378a458d74d6331cdd34d,
        type: 3}
    - target: {fileID: 0}
      propertyPath: breakSprite.Array.data[1]
      value: 
      objectReference: {fileID: 21300000, guid: dccb8311b86e0564d8855bced5b5643b,
        type: 3}
    - target: {fileID: 0}
      propertyPath: breakSprite.Array.data[2]
      value: 
      objectReference: {fileID: 21300000, guid: 637a7fb66520eaf4f8148d22092572a1,
        type: 3}
    - target: {fileID: 0}
      propertyPath: m_LocalPosition.z
      value: 0
      objectReference: {fileID: 0}
    - target: {fileID: 0}
      propertyPath: m_SortingOrder
      value: 1
      objectReference: {fileID: 0}
    - target: {fileID: 0}
      propertyPath: BossOnHitSound.Array.data[0]
      value: 40
      objectReference: {fileID: 0}
    m_RemovedComponents: []
  m_ParentPrefab: {fileID: 0}
  m_RootGameObject: {fileID: 189676}
  m_IsPrefabParent: 1
